
@misc{the_ligo_scientific_collaboration_model-based_2023,
	title = {Model-based cross-correlation search for gravitational waves from the low-mass {X}-ray binary {Scorpius} {X}-1 in {LIGO} {O3} data},
	copyright = {All rights reserved},
	url = {http://arxiv.org/abs/2209.02863},
	doi = {10.3847/2041-8213/aca1b0},
	journal={\apjl},
	volume={},
	pages={1},
	abstract = {We present the results of a model-based search for continuous gravitational waves from the low-mass X-ray binary Scorpius X-1 using LIGO detector data from the third observing run of Advanced LIGO, Advanced Virgo and KAGRA. This is a semicoherent search which uses details of the signal model to coherently combine data separated by less than a specified coherence time, which can be adjusted to balance sensitivity with computing cost. The search covered a range of gravitational-wave frequencies from 25Hz to 1600Hz, as well as ranges in orbital speed, frequency and phase determined from observational constraints. No significant detection candidates were found, and upper limits were set as a function of frequency. The most stringent limits, between 100Hz and 200Hz, correspond to an amplitude h0 of about 1e-25 when marginalized isotropically over the unknown inclination angle of the neutron star's rotation axis, or less than 4e-26 assuming the optimal orientation. The sensitivity of this search is now probing amplitudes predicted by models of torque balance equilibrium. For the usual conservative model assuming accretion at the surface of the neutron star, our isotropically-marginalized upper limits are close to the predicted amplitude from about 70Hz to 100Hz; the limits assuming the neutron star spin is aligned with the most likely orbital angular momentum are below the conservative torque balance predictions from 40Hz to 200Hz. Assuming a broader range of accretion models, our direct limits on gravitational-wave amplitude delve into the relevant parameter space over a wide range of frequencies, to 500Hz or more.},
	urldate = {2023-07-01},
	author = {The LIGO Scientific Collaboration and the Virgo Collaboration and the KAGRA Collaboration and Abbott, R. and Abe, H. and Acernese, F. and Ackley, K. and Adhicary, S. and Adhikari, N. and Adhikari, R. X. and Adkins, V. K. and Adya, V. B. and Affeldt, C. and Agarwal, D. and Agathos, M. and Aguiar, O. D. and Aiello, L. and Ain, A. and Ajith, P. and Akutsu, T. and Albanesi, S. and Alfaidi, R. A. and Alléné, C. and Allocca, A. and Altin, P. A. and Amato, A. and Anand, S. and Ananyeva, A. and Anderson, S. B. and Anderson, W. G. and Ando, M. and Andrade, T. and Andres, N. and Andrés-Carcasona, M. and Andrić, T. and Ansoldi, S. and Antelis, J. M. and Antier, S. and Apostolatos, T. and Appavuravther, E. Z. and Appert, S. and Apple, S. K. and Arai, K. and Araya, A. and Araya, M. C. and Areeda, J. S. and Arène, M. and Aritomi, N. and Arnaud, N. and Arogeti, M. and Aronson, S. M. and Asada, H. and Ashton, G. and Aso, Y. and Assiduo, M. and Melo, S. Assis de Souza and Aston, S. M. and Astone, P. and Aubin, F. and AultONeal, K. and Babak, S. and Badaracco, F. and Badger, C. and Bae, S. and Bae, Y. and Bagnasco, S. and Bai, Y. and Baier, J. G. and Baird, J. and Bajpai, R. and Baka, T. and Ball, M. and Ballardin, G. and Ballmer, S. W. and Baltus, G. and Banagiri, S. and Banerjee, B. and Bankar, D. and Barayoga, J. C. and Barish, B. C. and Barker, D. and Barneo, P. and Barone, F. and Barr, B. and Barsotti, L. and Barsuglia, M. and Barta, D. and Bartlett, J. and Barton, M. A. and Bartos, I. and Basak, S. and Bassiri, R. and Basti, A. and Bawaj, M. and Bayley, J. C. and Bazzan, M. and Bécsy, B. and Bedakihale, V. M. and Beirnaert, F. and Bejger, M. and Belahcene, I. and Bell, A. S. and Benedetto, V. and Beniwal, D. and Benoit, W. and Bentley, J. D. and BenYaala, M. and Bera, S. and Berbel, M. and Bergamin, F. and Berger, B. K. and Bernuzzi, S. and Beroiz, M. and Bersanetti, D. and Bertolini, A. and Betzwieser, J. and Beveridge, D. and Bhandare, R. and Bhandari, A. V. and Bhardwaj, U. and Bhatt, R. and Bhattacharjee, D. and Bhaumik, S. and Bianchi, A. and Bilenko, I. A. and Bilicki, M. and Billingsley, G. and Bini, S. and Birnholtz, O. and Biscans, S. and Bischi, M. and Biscoveanu, S. and Bisht, A. and Biswas, B. and Bitossi, M. and Bizouard, M.-A. and Blackburn, J. K. and Blair, C. D. and Blair, D. G. and Blair, R. M. and Bobba, F. and Bode, N. and Boër, M. and Bogaert, G. and Boldrini, M. and Bolingbroke, G. N. and Bonavena, L. D. and Bondarescu, R. and Bondu, F. and Bonilla, E. and Bonnand, R. and Booker, P. and Bork, R. and Boschi, V. and Bose, N. and Bose, S. and Bossilkov, V. and Boudart, V. and Bouffanais, Y. and Bozzi, A. and Bradaschia, C. and Brady, P. R. and Bramley, A. and Branch, A. and Branchesi, M. and Brau, J. E. and Breschi, M. and Briant, T. and Briggs, J. H. and Brillet, A. and Brinkmann, M. and Brockill, P. and Brooks, A. F. and Brooks, J. and Brown, D. D. and Brunett, S. and Bruno, G. and Bruntz, R. and Bryant, J. and Bucci, F. and Buchanan, J. and Bulik, T. and Bulten, H. J. and Buonanno, A. and Burtnyk, K. and Buscicchio, R. and Buskulic, D. and Buy, C. and Byer, R. L. and Davies, G. S. Cabourn and Cabras, G. and Cabrita, R. and Cadonati, L. and Cagnoli, G. and Cahillane, C. and Bustillo, J. Calderón and Callaghan, J. D. and Callister, T. A. and Calloni, E. and Camp, J. B. and Canepa, M. and Caneva, G. and Cannavacciuolo, M. and Cannon, K. C. and Cao, H. and Cao, Z. and Capistran, L. A. and Capocasa, E. and Capote, E. and Carapella, G. and Carbognani, F. and Carlassara, M. and Carlin, J. B. and Carpinelli, M. and Carrillo, G. and Carter, J. J. and Carullo, G. and Diaz, J. Casanueva and Casentini, C. and Castaldi, G. and Caudill, S. and Cavaglià, M. and Cavalier, F. and Cavalieri, R. and Cella, G. and Cerdá-Durán, P. and Cesarini, E. and Chaibi, W. and Chakalis, W. and Subrahmanya, S. Chalathadka and Champion, E. and Chan, C.-H. and Chan, C. and Chan, C. L. and Chan, K. and Chan, M. and Chandra, K. and Chang, I. P. and Chang, W. and Chanial, P. and Chao, S. and Chapman-Bird, C. and Charlton, P. and Chassande-Mottin, E. and Chatterjee, C. and Chatterjee, Debarati and Chatterjee, Deep and Chaturvedi, M. and Chaty, S. and Chen, C. and Chen, D. and Chen, H. Y. and Chen, J. and Chen, K. and Chen, X. and Chen, Y.-B. and Chen, Y.-R. and Chen, Y. and Cheng, H. and Chessa, P. and Cheung, H. Y. and Chia, H. Y. and Chiadini, F. and Chiang, C.-Y. and Chiarini, G. and Chierici, R. and Chincarini, A. and Chiofalo, M. L. and Chiummo, A. and Choudhary, R. K. and Choudhary, S. and Christensen, N. and Chu, Q. and Chu, Y.-K. and Chua, S. S. Y. and Chung, K. W. and Ciani, G. and Ciecielag, P. and Cieślar, M. and Cifaldi, M. and Ciobanu, A. A. and Ciolfi, R. and Clara, F. and Clark, J. A. and Clarke, T. A. and Clearwater, P. and Clesse, S. and Cleva, F. and Coccia, E. and Codazzo, E. and Cohadon, P.-F. and Cohen, D. E. and Colleoni, M. and Collette, C. G. and Colombo, A. and Colpi, M. and Compton, C. M. and Conti, L. and Cooper, S. J. and Corban, P. and Corbitt, T. R. and Cordero-Carrión, I. and Corezzi, S. and Cornish, N. J. and Corsi, A. and Cortese, S. and Coschizza, A. C. and Cotesta, R. and Cottingham, R. and Coughlin, M. W. and Coulon, J.-P. and Countryman, S. T. and Cousins, B. and Couvares, P. and Coward, D. M. and Cowart, M. J. and Coyne, D. C. and Coyne, R. and Craig, K. and Creighton, J. D. E. and Creighton, T. D. and Criswell, A. W. and Croquette, M. and Crowder, S. G. and Cudell, J. R. and Cullen, T. J. and Cumming, A. and Cummings, R. and Cuoco, E. and Curyło, M. and Dabadie, P. and Canton, T. Dal and Dall'Osso, S. and Dálya, G. and Dana, A. and D'Angelo, B. and Danilishin, S. and D'Antonio, S. and Danzmann, K. and Darsow-Fromm, C. and Dasgupta, A. and Datrier, L. E. H. and Datta, Sayantani and Dattilo, V. and Dave, I. and Davier, M. and Davis, D. and Davis, M. C. and Daw, E. J. and Dax, M. and DeBra, D. and Deenadayalan, M. and Degallaix, J. and De Laurentis, M. and Deléglise, S. and Del Favero, V. and De Lillo, F. and De Lillo, N. and Dell'Aquila, D. and Del Pozzo, W. and De Matteis, F. and D'Emilio, V. and Demos, N. and Dent, T. and Depasse, A. and De Pietri, R. and De Rosa, R. and De Rossi, C. and DeSalvo, R. and De Simone, R. and Dhurandhar, S. and Diab, R. and Díaz, M. C. and Didio, N. A. and Dietrich, T. and Di Fiore, L. and Di Fronzo, C. and Di Giorgio, C. and Di Giovanni, F. and Di Giovanni, M. and Di Girolamo, T. and Diksha, D. and Di Lieto, A. and Di Michele, A. and Di Pace, S. and Di Palma, I. and Di Renzo, F. and Divakarla, A. K. and Dmitriev, A. and Doctor, Z. and Doleva, P. P. and Donahue, L. and D'Onofrio, L. and Donovan, F. and Dooley, K. L. and Dooney, T. and Doravari, S. and Dorosh, O. and Drago, M. and Driggers, J. C. and Drori, Y. and Ducoin, J.-G. and Dunn, L. and Dupletsa, U. and Durante, O. and D'Urso, D. and Duverne, P.-A. and Dwyer, S. E. and Eassa, C. and Easter, P. J. and Ebersold, M. and Eckhardt, T. and Eddolls, G. and Edelman, B. and Edo, T. B. and Edy, O. and Effler, A. and Eguchi, S. and Eichholz, J. and Eikenberry, S. S. and Eisenmann, M. and Eisenstein, R. A. and Ejlli, A. and Engelby, E. and Enomoto, Y. and Errico, L. and Essick, R. C. and Estellés, H. and Estevez, D. and Etzel, T. and Evans, M. and Evans, T. M. and Evstafyeva, T. and Ewing, B. E. and Fabrizi, F. and Faedi, F. and Fafone, V. and Fair, H. and Fairhurst, S. and Fan, P. C. and Farah, A. M. and Farr, B. and Farr, W. M. and Favaro, G. and Favata, M. and Fays, M. and Fazio, M. and Feicht, J. and Fejer, M. M. and Fenyvesi, E. and Ferguson, D. L. and Fernandez-Galiana, A. and Ferrante, I. and Ferreira, T. A. and Fidecaro, F. and Figura, P. and Fiori, A. and Fiori, I. and Fishbach, M. and Fisher, R. P. and Fittipaldi, R. and Fiumara, V. and Flaminio, R. and Floden, E. and Fong, H. K. and Font, J. A. and Fornal, B. and Forsyth, P. W. F. and Franke, A. and Frasca, S. and Frasconi, F. and Freed, J. P. and Frei, Z. and Freise, A. and Freitas, O. and Frey, R. and Fritschel, P. and Frolov, V. V. and Fronzé, G. G. and Fujii, Y. and Fujikawa, Y. and Fujimoto, Y. and Fulda, P. and Fyffe, M. and Gabbard, H. A. and Gabella, W. E. and Gadre, B. U. and Gair, J. R. and Gais, J. and Galaudage, S. and Gamba, R. and Ganapathy, D. and Ganguly, A. and Gao, D.-F. and Gao, D. and Gaonkar, S. G. and Garaventa, B. and García-Núñez, C. and García-Quirós, C. and Gardner, K. A. and Gargiulo, J. and Garufi, F. and Gasbarra, C. and Gateley, B. and Gayathri, V. and Ge, G.-G. and Gemme, G. and Gennai, A. and George, J. and Gerberding, O. and Gergely, L. and Ghonge, S. and Ghosh, Abhirup and Ghosh, Archisman and Ghosh, Shaon and Ghosh, Shrobana and Ghosh, Tathagata and Giacoppo, L. and Giaime, J. A. and Giardina, K. D. and Gibson, D. R. and Gier, C. and Giri, P. and Gissi, F. and Gkaitatzis, S. and Glanzer, J. and Gleckl, A. E. and Godoy, F. G. and Godwin, P. and Goetz, E. and Goetz, R. and Golomb, J. and Goncharov, B. and González, G. and Gosselin, M. and Gouaty, R. and Gould, D. W. and Goyal, S. and Grace, B. and Grado, A. and Graham, V. and Granata, M. and Granata, V. and Gras, S. and Grassia, P. and Gray, C. and Gray, R. and Greco, G. and Green, A. C. and Green, R. and Gretarsson, A. M. and Gretarsson, E. M. and Griffith, D. and Griffiths, W. L. and Griggs, H. L. and Grignani, G. and Grimaldi, A. and Grimm, S. J. and Grote, H. and Grunewald, S. and Gruson, A. S. and Guerra, D. and Guidi, G. M. and Guimaraes, A. R. and Gulati, H. K. and Gulminelli, F. and Gunny, A. M. and Guo, H.-K. and Guo, Y. and Gupta, Anchal and Gupta, Anuradha and Gupta, P. and Gupta, S. K. and Gurs, J. and Gustafson, R. and Gutierrez, N. and Guzman, F. and Ha, S. and Hadiputrawan, I. P. W. and Haegel, L. and Haino, S. and Halim, O. and Hall, E. D. and Hamilton, E. Z. and Hammond, G. and Han, W.-B. and Haney, M. and Hanks, J. and Hanna, C. and Hannam, M. D. and Hannuksela, O. and Hansen, H. and Hanson, J. and Harada, R. and Harder, T. and Haris, K. and Harms, J. and Harry, G. M. and Harry, I. W. and Hartwig, D. and Hasegawa, K. and Haskell, B. and Haster, C.-J. and Hathaway, J. S. and Hattori, K. and Haughian, K. and Hayakawa, H. and Hayama, K. and Hayes, F. J. and Healy, J. and Heidmann, A. and Heidt, A. and Heintze, M. C. and Heinze, J. and Heinzel, J. and Heitmann, H. and Hellman, F. and Hello, P. and Helmling-Cornell, A. F. and Hemming, G. and Hendry, M. and Heng, I. S. and Hennes, E. and Hennig, J.-S. and Hennig, M. and Henshaw, C. and Hernandez, A. G. and Vivanco, F. Hernandez and Heurs, M. and Hewitt, A. L. and Higginbotham, S. and Hild, S. and Hill, P. and Himemoto, Y. and Hines, A. S. and Hirata, N. and Hirose, C. and Ho, T.-C. and Hochheim, S. and Hofman, D. and Hohmann, J. N. and Holcomb, D. G. and Holland, N. A. and Hollows, I. J. and Holmes, Z. J. and Holt, K. and Holz, D. E. and Hong, Q. and Hough, J. and Hourihane, S. and Howell, D. and Howell, E. J. and Hoy, C. G. and Hoyland, D. and Hreibi, A. and Hsieh, B.-H. and Hsieh, H.-F. and Hsiung, C. and Huang, H.-Y. and Huang, P. and Huang, Y.-C. and Huang, Y.-J. and Huang, Y. and Hübner, M. T. and Huddart, A. D. and Hughey, B. and Hui, D. C. Y. and Hui, V. and Husa, S. and Huttner, S. H. and Huxford, R. and Huynh-Dinh, T. and Hyland, J. and Iandolo, G. A. and Ide, S. and Idzkowski, B. and Iess, A. and Inayoshi, K. and Inoue, Y. and Iosif, P. and Irwin, J. and Gupta, Ish and Isi, M. and Ito, K. and Itoh, Y. and Iyer, B. R. and JaberianHamedan, V. and Jacqmin, T. and Jacquet, P.-E. and Jadhav, S. J. and Jadhav, S. P. and Jain, T. and James, A. L. and Jan, A. Z. and Jani, K. and Janquart, J. and Janssens, K. and Janthalur, N. N. and Jaranowski, P. and Jariwala, D. and Jarov, S. and Jaume, R. and Jenkins, A. C. and Jenner, K. and Jeon, C. and Jia, W. and Jiang, J. and Jin, H.-B. and Johns, G. R. and Johnston, R. and Johny, N. and Jones, A. W. and Jones, D. I. and Jones, P. and Jones, R. and Joshi, P. and Ju, L. and Jung, K. and Jung, P. and Junker, J. and Juste, V. and Kaihotsu, K. and Kajita, T. and Kakizaki, M. and Kalaghatgi, C. and Kalogera, V. and Kamai, B. and Kamiizumi, M. and Kanda, N. and Kandhasamy, S. and Kang, G. and Kanner, J. B. and Kao, Y. and Kapadia, S. J. and Kapasi, D. P. and Karat, S. and Karathanasis, C. and Karki, S. and Kashyap, R. and Kasprzack, M. and Kastaun, W. and Kato, T. and Katsanevas, S. and Katsavounidis, E. and Katzman, W. and Kaur, T. and Kawabe, K. and Kawaguchi, K. and Kéfélian, F. and Keitel, D. and Key, J. S. and Khadka, S. and Khalili, F. Y. and Khan, S. and Khanam, T. and Khazanov, E. A. and Khetan, N. and Khursheed, M. and Kijbunchoo, N. and Kim, C. and Kim, J. C. and Kim, J. and Kim, K. and Kim, P. and Kim, W. S. and Kim, Y.-M. and Kimball, C. and Kimura, N. and King, B. and Kinley-Hanlon, M. and Kirchhoff, R. and Kissel, J. S. and Klimenko, S. and Klinger, T. and Knee, A. M. and Knust, N. and Kobayashi, Y. and Koch, P. and Koehlenbeck, S. M. and Koekoek, G. and Kohri, K. and Kokeyama, K. and Koley, S. and Kolitsidou, P. and Kolstein, M. and Kondrashov, V. and Kong, A. K. H. and Kontos, A. and Korobko, M. and Kossak, R. V. and Kovalam, M. and Koyama, N. and Kozak, D. B. and Kozakai, C. and Kranzhoff, L. and Kringel, V. and Krishnendu, N. V. and Królak, A. and Kuehn, G. and Kuijer, P. and Kulkarni, S. and Kumar, A. and Kumar, Praveen and Kumar, Prayush and Kumar, Rahul and Kumar, Rakesh and Kume, J. and Kuns, K. and Kuromiya, Y. and Kuroyanagi, S. and Kuwahara, S. and Kwak, K. and Lacaille, G. and Lagabbe, P. and Laghi, D. and Lalande, E. and Lalleman, M. and Lamberts, A. and Landry, M. and Lane, B. B. and Lang, R. N. and Lange, J. and Lantz, B. and La Rosa, I. and Lartaux-Vollard, A. and Lasky, P. D. and Lawrence, J. and Laxen, M. and Lazzarini, A. and Lazzaro, C. and Leaci, P. and Leavey, S. and LeBohec, S. and Lecoeuche, Y. K. and Lee, E. and Lee, H. M. and Lee, H. W. and Lee, K. and Lee, R. and Legred, I. N. and Lehmann, J. and Lemaître, A. and Lenti, M. and Leonardi, M. and Leonova, E. and Leroy, N. and Letendre, N. and Levesque, C. and Levin, Y. and Leviton, J. N. and Leyde, K. and Li, A. K. Y. and Li, B. and Li, K. L. and Li, P. and Li, T. G. F. and Li, X. and Lin, C.-Y. and Lin, E. T. and Lin, F.-K. and Lin, F.-L. and Lin, H. L. and Lin, L. C.-C. and Linde, F. and Linker, S. D. and Littenberg, T. B. and Liu, G. C. and Liu, J. and Liu, X. and Llamas, F. and Lo, R. K. L. and Lo, T. and London, L. T. and Longo, A. and Lopez, D. and Portilla, M. Lopez and Lorenzini, M. and Loriette, V. and Lormand, M. and Losurdo, G. and Lott, T. P. and Lough, J. D. and Lousto, C. O. and Lovelace, G. and Lowry, M. J. and Lucaccioni, J. F. and Lück, H. and Lumaca, D. and Lundgren, A. P. and Lung, Y. and Luo, L.-W. and Lussier, A. W. and Lynam, J. E. and Ma'arif, M. and Macas, R. and MacInnis, M. and Macleod, D. M. and MacMillan, I. A. O. and Macquet, A. and Hernandez, I. Magaña and Magazzù, C. and Magee, R. M. and Maggiore, R. and Magnozzi, M. and Mahesh, S. and Majorana, E. and Makarem, C. N. and Maksimovic, I. and Maliakal, S. and Malik, A. and Man, N. and Mandic, V. and Mangano, V. and Mannix, B. R. and Mansell, G. L. and Mansingh, G. and Manske, M. and Mantovani, M. and Mapelli, M. and Marchesoni, F. and Pina, D. Marín and Marion, F. and Mark, Z. and Márka, S. and Márka, Z. and Markakis, C. and Markosyan, A. S. and Markowitz, A. and Maros, E. and Marquina, A. and Marsat, S. and Martelli, F. and Martin, I. W. and Martin, R. M. and Martinez, M. and Martinez, V. A. and Martinez, V. and Martinovic, K. and Martynov, D. V. and Marx, E. J. and Masalehdan, H. and Mason, K. and Masserot, A. and Masso-Reid, M. and Mastrogiovanni, S. and Matas, A. and Mateu-Lucena, M. and Matiushechkina, M. and Mavalvala, N. and McCann, J. J. and McCarthy, R. and McClelland, D. E. and McClincy, P. K. and McCormick, S. and McCuller, L. and McGhee, G. I. and McGinn, J. and McGuire, S. C. and McIsaac, C. and McIver, J. and McLeod, A. and McRae, T. and McWilliams, S. T. and Meacher, D. and Mehmet, M. and Mehta, A. K. and Meijer, Q. and Melatos, A. and Mendell, G. and Menendez-Vazquez, A. and Menoni, C. S. and Mercer, R. A. and Mereni, L. and Merfeld, K. and Merilh, E. L. and Merritt, J. D. and Merzougui, M. and Messenger, C. and Messick, C. and Meyers, P. M. and Meylahn, F. and Mhaske, A. and Miani, A. and Miao, H. and Michaloliakos, I. and Michel, C. and Michimura, Y. and Middleton, H. and Mihaylov, D. P. and Miller, A. and Miller, A. L. and Miller, B. and Millhouse, M. and Mills, J. C. and Milotti, E. and Minenkov, Y. and Mio, N. and Mir, Ll M. and Miravet-Tenés, M. and Mishkin, A. and Mishra, C. and Mishra, T. and Mistry, T. and Mitchell, A. L. and Mitra, S. and Mitrofanov, V. P. and Mitselmakher, G. and Mittleman, R. and Miyakawa, O. and Miyo, K. and Miyoki, S. and Mo, Geoffrey and Modafferi, L. M. and Moguel, E. and Mogushi, K. and Mohapatra, S. R. P. and Mohite, S. R. and Molina-Ruiz, M. and Mondal, C. and Mondin, M. and Montani, M. and Moore, C. J. and Moragues, J. and Moraru, D. and Morawski, F. and More, A. and More, S. and Moreno, C. and Moreno, G. and Mori, Y. and Morisaki, S. and Morisue, N. and Moriwaki, Y. and Mours, B. and Mow-Lowry, C. M. and Mozzon, S. and Muciaccia, F. and Mukherjee, D. and Mukherjee, Soma and Mukherjee, Subroto and Mukherjee, Suvodip and Mukund, N. and Mullavey, A. and Munch, J. and Muñiz, E. A. and Murray, P. G. and Muusse, S. and Nadji, S. L. and Nagano, K. and Nagar, A. and Nagar, T. and Nakamura, K. and Nakano, H. and Nakano, M. and Nakayama, Y. and Napolano, V. and Nardecchia, I. and Narikawa, T. and Narola, H. and Naticchioni, L. and Nayak, R. K. and Neil, B. F. and Neilson, J. and Nelson, A. and Nelson, T. J. N. and Nery, M. and Neubauer, P. and Neunzert, A. and Ng, K. Y. and Ng, S. W. S. and Nguyen, C. and Nguyen, P. and Nguyen, T. and Quynh, L. Nguyen and Ni, J. and Ni, W.-T. and Nichols, S. A. and Nieradka, G. and Nishimoto, T. and Nishizawa, A. and Nissanke, S. and Nitoglia, E. and Niu, W. and Nocera, F. and Norman, M. and North, C. and Notte, J. and Novak, J. and Nozaki, S. and Nurbek, G. and Nuttall, L. K. and Obayashi, Y. and Oberling, J. and O'Brien, B. D. and O'Dell, J. and Oelker, E. and Oertel, M. and Ogaki, W. and Oganesyan, G. and Oh, J. J. and Oh, K. and Oh, S. H. and O'Hanlon, T. and Ohashi, M. and Ohashi, T. and Ohkawa, M. and Ohme, F. and Ohta, H. and Okutani, Y. and Oliveri, R. and Olivetto, C. and Oohara, K. and Oram, R. and O'Reilly, B. and Ormiston, R. G. and Ormsby, N. D. and Orselli, M. and O'Shaughnessy, R. and O'Shea, E. and Oshino, S. and Ossokine, S. and Osthelder, C. and Otabe, S. and Ottaway, D. J. and Overmier, H. and Pace, A. E. and Pagano, G. and Pagano, R. and Pagliaroli, G. and Pai, A. and Pai, S. A. and Pal, S. and Palamos, J. R. and Palashov, O. and Palomba, C. and Pan, K.-C. and Panda, P. K. and Pang, P. T. H. and Pannarale, F. and Pant, B. C. and Panther, F. H. and Paoletti, F. and Paoli, A. and Paolone, A. and Pappas, G. and Parisi, A. and Park, J. and Parker, W. and Pascucci, D. and Pasqualetti, A. and Passaquieti, R. and Passuello, D. and Patel, M. and Patel, N. R. and Pathak, M. and Patricelli, B. and Patron, A. S. and Paul, S. and Payne, E. and Pedraza, M. and Pedurand, R. and Pegna, R. and Pegoraro, M. and Pele, A. and Arellano, F. E. Peña and Penano, S. and Penn, S. and Perego, A. and Pereira, A. and Pereira, T. and Perez, C. J. and Périgois, C. and Perkins, C. C. and Perreca, A. and Perriès, S. and Perry, J. W. and Pesios, D. and Petermann, J. and Pfeiffer, H. P. and Pham, H. and Pham, K. A. and Phukon, K. S. and Phurailatpam, H. and Piccinni, O. J. and Pichot, M. and Piendibene, M. and Piergiovanni, F. and Pierini, L. and Pierra, G. and Pierro, V. and Pillant, G. and Pillas, M. and Pilo, F. and Pinard, L. and Pineda-Bosque, C. and Pinto, I. M. and Pinto, M. and Piotrzkowski, B. J. and Piotrzkowski, K. and Pirello, M. and Pitkin, M. D. and Placidi, A. and Placidi, E. and Planas, M. L. and Plastino, W. and Poggiani, R. and Polini, E. and Pong, D. Y. T. and Ponrathnam, S. and Porter, E. K. and Posnansky, C. and Poulton, R. and Powell, J. and Pracchia, M. and Pradier, T. and Prajapati, A. K. and Prasai, K. and Prasanna, R. and Pratten, G. and Principe, M. and Prodi, G. A. and Prokhorov, L. and Prosposito, P. and Prudenzi, L. and Puecher, A. and Punturo, M. and Puosi, F. and Puppo, P. and Pürrer, M. and Qi, H. and Quartey, N. and Quetschke, V. and Quinonez, P. J. and Quitzow-James, R. and Raab, F. J. and Raaijmakers, G. and Radkins, H. and Radulesco, N. and Raffai, P. and Rail, S. X. and Raja, S. and Rajan, C. and Ramirez, K. E. and Ramirez, T. D. and Ramos-Buades, A. and Rana, D. and Rana, J. and Rangnekar, P. R. and Rapagnani, P. and Ray, A. and Raymond, V. and Raza, N. and Razzano, M. and Read, J. and Regimbau, T. and Rei, L. and Reid, S. and Reid, S. W. and Reinhard, M. and Reitze, D. H. and Relton, P. and Renzini, A. and Rettegno, P. and Revenu, B. and Reyes, J. and Reza, A. and Rezac, M. and Rezaei, A. S. and Ricci, F. and Richards, D. and Richardson, J. W. and Richardson, L. and Riles, K. and Rinaldi, S. and Robertson, C. and Robertson, N. A. and Robie, R. and Robinet, F. and Rocchi, A. and Rodriguez, S. and Rolland, L. and Rollins, J. G. and Romanelli, M. and Romano, R. and Romel, C. L. and Romero, A. and Romero-Shaw, I. M. and Romie, J. H. and Ronchini, S. and Roocke, T. J. and Rosa, L. and Rose, C. A. and Rosińska, D. and Ross, M. P. and Rossello, M. and Rowan, S. and Rowlinson, S. J. and Roy, Santosh and Roy, Soumen and Royzman, A. and Rozza, D. and Ruggi, P. and Ruiz-Rocha, K. and Ryan, K. and Sachdev, S. and Sadecki, T. and Sadiq, J. and Saffarieh, P. and Saha, S. and Saito, Y. and Sakai, K. and Sakellariadou, M. and Sakon, S. and Salafia, O. S. and Salces-Carcoba, F. and Salconi, L. and Saleem, M. and Salemi, F. and Sallé, M. and Samajdar, A. and Sanchez, E. J. and Sanchez, J. H. and Sanchez, L. E. and Sanchis-Gual, N. and Sanders, J. R. and Sanuy, A. and Saravanan, T. R. and Sarin, N. and Sasli, A. and Sassolas, B. and Satari, H. and Sathyaprakash, B. S. and Sauter, O. and Savage, R. L. and Savant, V. and Sawada, T. and Sawant, H. L. and Sayah, S. and Schaetzl, D. and Scheel, M. and Scheuer, J. and Schiworski, M. G. and Schmidt, P. and Schmidt, S. and Schnabel, R. and Schneewind, M. and Schofield, R. M. S. and Schönbeck, A. and Schulte, B. W. and Schutz, B. F. and Schwartz, E. and Scott, J. and Scott, S. M. and Seglar-Arroyo, M. and Sekiguchi, Y. and Sellers, D. and Sengupta, A. S. and Sentenac, D. and Seo, E. G. and Sequino, V. and Sergeev, A. and Servignat, G. and Setyawati, Y. and Shaffer, T. and Shahriar, M. S. and Shaikh, M. A. and Shams, B. and Shao, L. and Sharma, A. and Sharma, P. and Shawhan, P. and Shcheblanov, N. S. and Sheela, A. and Sheridan, E. and Shikano, Y. and Shikauchi, M. and Shimizu, H. and Shimode, K. and Shinkai, H. and Shishido, T. and Shoda, A. and Shoemaker, D. H. and Shoemaker, D. M. and ShyamSundar, S. and Sieniawska, M. and Sigg, D. and Silenzi, L. and Singer, L. P. and Singh, D. and Singh, M. K. and Singh, N. and Singha, A. and Sintes, A. M. and Sipala, V. and Skliris, V. and Slagmolen, B. J. J. and Slaven-Blair, T. J. and Smetana, J. and Smith, J. R. and Smith, L. and Smith, R. J. E. and Soldateschi, J. and Somala, S. N. and Somiya, K. and Song, I. and Soni, K. and Soni, S. and Sordini, V. and Sorrentino, F. and Sorrentino, N. and Soulard, R. and Souradeep, T. and Spagnuolo, V. and Spencer, A. P. and Spera, M. and Spinicelli, P. and Srivastava, A. K. and Srivastava, V. and Stachie, C. and Stachurski, F. and Steer, D. A. and Steinlechner, J. and Steinlechner, S. and Stergioulas, N. and Stops, D. J. and Strain, K. A. and Strang, L. C. and Stratta, G. and Strong, M. D. and Strunk, A. and Sturani, R. and Stuver, A. L. and Suchenek, M. and Sudhagar, S. and Sugimoto, R. and Suh, H. G. and Sullivan, A. G. and Summerscales, T. Z. and Sun, L. and Sunil, S. and Sur, A. and Suresh, J. and Sutton, P. J. and Suzuki, Takamasa and Suzuki, Takanori and Suzuki, Toshikazu and Swinkels, B. L. and Syx, A. and Szczepańczyk, M. J. and Szewczyk, P. and Tacca, M. and Tagoshi, H. and Tait, S. C. and Takahashi, H. and Takahashi, R. and Takano, S. and Takeda, H. and Takeda, M. and Talbot, C. J. and Talbot, C. and Tamanini, N. and Tanaka, K. and Tanaka, Taiki and Tanaka, Takahiro and Tanasijczuk, A. J. and Tanioka, S. and Tanner, D. B. and Tao, D. and Tao, L. and Tapia, R. D. and Martín, E. N. Tapia San and Taranto, C. and Taruya, A. and Tasson, J. D. and Tenorio, R. and Terhune, J. E. S. and Terkowski, L. and Themann, H. and Thirugnanasambandam, M. P. and Thomas, M. and Thomas, P. and Thomas, S. and Thompson, D. and Thompson, E. E. and Thompson, J. E. and Thondapu, S. R. and Thorne, K. A. and Thrane, E. and Tiwari, Shubhanshu and Tiwari, Srishti and Tiwari, V. and Toivonen, A. M. and Tolley, A. E. and Tomaru, T. and Tomura, T. and Tonelli, M. and Torres-Forné, A. and Torrie, C. I. and Melo, I. Tosta e and Tournefier, E. and Töyrä, D. and Trapananti, A. and Travasso, F. and Traylor, G. and Trenado, J. and Trevor, M. and Tringali, M. C. and Tripathee, A. and Troiano, L. and Trovato, A. and Trozzo, L. and Trudeau, R. J. and Tsai, D. and Tsang, K. W. and Tsang, T. and Tsao, J.-S. and Tse, M. and Tso, R. and Tsuchida, S. and Tsukada, L. and Tsuna, D. and Tsutsui, T. and Turbang, K. and Turconi, M. and Turski, C. and Tuyenbayev, D. and Ubach, H. and Ubhi, A. S. and Uchikata, N. and Uchiyama, T. and Udall, R. P. and Ueda, A. and Uehara, T. and Ueno, K. and Ueshima, G. and Unnikrishnan, C. S. and Urban, A. L. and Ushiba, T. and Utina, A. and Vahlbruch, H. and Vaidya, N. and Vajente, G. and Vajpeyi, A. and Valdes, G. and Valentini, M. and Vallero, S. and Valsan, V. and van Bakel, N. and van Beuzekom, M. and van Dael, M. and Brand, J. F. J. van den and Broeck, C. Van Den and Vander-Hyde, D. C. and Van de Walle, A. and van Dongen, J. and van Haevermaet, H. and van Heijningen, J. V. and Vanosky, J. and van Putten, M. H. P. M. and van Ranst, Z. and van Remortel, N. and Vardaro, M. and Vargas, A. F. and Varma, V. and Vasúth, M. and Vecchio, A. and Vedovato, G. and Veitch, J. and Veitch, P. J. and Venneberg, J. and Venugopalan, G. and Verdier, P. and Verkindt, D. and Verma, P. and Verma, Y. and Vermeulen, S. M. and Veske, D. and Vetrano, F. and Viceré, A. and Vidyant, S. and Viets, A. D. and Vijaykumar, A. and Villa-Ortega, V. and Vinet, J.-Y. and Virtuoso, A. and Vitale, S. and Vocca, H. and von Reis, E. R. G. and von Wrangel, J. S. A. and Vorvick, C. and Vyatchanin, S. P. and Wade, L. E. and Wade, M. and Wagner, K. J. and Walet, R. C. and Walker, M. and Wallace, G. S. and Wallace, L. and Wang, J. and Wang, J. Z. and Wang, W. H. and Ward, R. L. and Warner, J. and Was, M. and Washimi, T. and Washington, N. Y. and Watada, K. and Watarai, D. and Watchi, J. and Wayt, K. E. and Weaver, B. and Weaving, C. R. and Webster, S. A. and Weinert, M. and Weinstein, A. J. and Weiss, R. and Weller, C. M. and Weller, R. A. and Wellmann, F. and Wen, L. and Weßels, P. and Wette, K. and Whelan, J. T. and White, D. D. and Whiting, B. F. and Whittle, C. and Wilk, O. S. and Wilken, D. and Williams, C. E. and Williams, D. and Williams, M. J. and Williamson, A. R. and Willis, J. L. and Willke, B. and Wipf, C. C. and Woan, G. and Woehler, J. and Wofford, J. K. and Wojtowicz, I. A. and Wong, D. and Wong, I. C. F. and Wright, M. and Wu, C. and Wu, D. S. and Wu, H. and Wysocki, D. M. and Xiao, L. and Yadav, N. and Yamada, T. and Yamamoto, H. and Yamamoto, K. and Yamamoto, T. and Yamashita, K. and Yamazaki, R. and Yang, F. W. and Yang, K. Z. and Yang, L. and Yang, Y.-C. and Yang, Y. and Yang, Yang and Yap, M. J. and Yeeles, D. W. and Yeh, S.-W. and Yelikar, A. B. and Yokoyama, J. and Yokozawa, T. and Yoo, J. and Yoshioka, T. and Yu, Hang and Yu, Haocun and Yuzurihara, H. and Zadrożny, A. and Zanolin, M. and Zeidler, S. and Zelenova, T. and Zendri, J.-P. and Zevin, M. and Zhan, M. and Zhang, H. and Zhang, J. and Zhang, L. and Zhang, R. and Zhang, T. and Zhang, Y. and Zhao, C. and Zhao, G. and Zhao, Y. and Zhao, Yue and Zheng, Y. and Zhou, R. and Zhu, X. J. and Zhu, Z.-H. and Zimmerman, A. B. and Zucker, M. E. and Zweizig, J.},
	month = jan,
	year = {2023},
	note = {arXiv:2209.02863 [astro-ph, physics:gr-qc]},
	keywords = {Astrophysics - High Energy Astrophysical Phenomena, General Relativity and Quantum Cosmology, published},
	file = {arXiv Fulltext PDF:/Users/baierj/Zotero/storage/XKCQBWHD/The LIGO Scientific Collaboration et al. - 2023 - Model-based cross-correlation search for gravitati.pdf:application/pdf;arXiv.org Snapshot:/Users/baierj/Zotero/storage/NFH5QUX9/2209.html:text/html},
}

@article{abbott_search_2023,
	title = {Search for subsolar-mass black hole binaries in the second part of {Advanced} {LIGO}’s and {Advanced} {Virgo}’s third observing run},
	copyright = {All rights reserved},
	issn = {0035-8711},
	url = {https://doi.org/10.1093/mnras/stad588},
	doi = {10.1093/mnras/stad588},
	abstract = {We describe a search for gravitational waves from compact binaries with at least one component with mass 0.2 M⊙–1.0 M⊙ and mass ratio q ≥ 0.1 in Advanced LIGO and Advanced Virgo data collected between 1 November 2019, 15:00 UTC and 27 March 2020, 17:00 UTC. No signals were detected. The most significant candidate has a false alarm rate of \$0.2 {\textbackslash}, {\textbackslash}rm \{yr\}{\textasciicircum}\{-1\}\$. We estimate the sensitivity of our search over the entirety of Advanced LIGO’s and Advanced Virgo’s third observing run, and present the most stringent limits to date on the merger rate of binary black holes with at least one subsolar-mass component. We use the upper limits to constrain two fiducial scenarios that could produce subsolar-mass black holes: primordial black holes (PBH) and a model of dissipative dark matter. The PBH model uses recent prescriptions for the merger rate of PBH binaries that include a rate suppression factor to effectively account for PBH early binary disruptions. If the PBHs are monochromatically distributed, we can exclude a dark matter fraction in PBHs fPBH ≳ 0.6 (at 90 confidence) in the probed subsolar-mass range. However, if we allow for broad PBH mass distributions we are unable to rule out fPBH = 1. For the dissipative model, where the dark matter has chemistry that allows a small fraction to cool and collapse into black holes, we find an upper bound fDBH \&lt; 10−5 on the fraction of atomic dark matter collapsed into black holes.},
	urldate = {2023-07-01},
	journal = {\mnras},
	author = {Abbott, R and Abe, H and Acernese, F and Ackley, K and Adhicary, S and Adhikari, N and Adhikari, R X and Adkins, V K and Adya, V B and Affeldt, C and Agarwal, D and Agathos, M and Aguiar, O D and Aiello, L and Ain, A and Ajith, P and Akutsu, T and Albanesi, S and Alfaidi, R A and Alléné, C and Allocca, A and Altin, P A and Amato, A and Anand, S and Ananyeva, A and Anderson, S B and Anderson, W G and Ando, M and Andrade, T and Andres, N and Andrés-Carcasona, M and Andrić, T and Ansoldi, S and Antelis, J M and Antier, S and Apostolatos, T and Appavuravther, E Z and Appert, S and Apple, S K and Arai, K and Araya, A and Araya, M C and Areeda, J S and Arène, M and Aritomi, N and Arnaud, N and Arogeti, M and Aronson, S M and Arun, K G and Asada, H and Ashton, G and Aso, Y and Assiduo, M and de Souza Melo, S Assis and Aston, S M and Astone, P and Aubin, F and AultONeal, K and Babak, S and Badaracco, F and Badger, C and Bae, S and Bae, Y and Bagnasco, S and Bai, Y and Baier, J G and Baird, J and Bajpai, R and Baka, T and Ball, M and Ballardin, G and Ballmer, S W and Baltus, G and Banagiri, S and Banerjee, B and Bankar, D and Barayoga, J C and Barish, B C and Barker, D and Barneo, P and Barone, F and Barr, B and Barsotti, L and Barsuglia, M and Barta, D and Bartlett, J and Barton, M A and Bartos, I and Basak, S and Bassiri, R and Basti, A and Bawaj, M and Bayley, J C and Bazzan, M and Bécsy, B and Bedakihale, V M and Beirnaert, F and Bejger, M and Belahcene, I and Bell, A S and Benedetto, V and Beniwal, D and Benoit, W and Bentley, J D and BenYaala, M and Bera, S and Berbel, M and Bergamin, F and Berger, B K and Bernuzzi, S and Beroiz, M and Berry, C P L and Bersanetti, D and Bertolini, A and Betzwieser, J and Beveridge, D and Bhandare, R and Bhandari, A V and Bhardwaj, U and Bhatt, R and Bhattacharjee, D and Bhaumik, S and Bianchi, A and Bilenko, I A and Bilicki, M and Billingsley, G and Bini, S and Birnholtz, O and Biscans, S and Bischi, M and Biscoveanu, S and Bisht, A and Biswas, B and Bitossi, M and Bizouard, M-A and Blackburn, J K and Blair, C D and Blair, D G and Blair, R M and Bobba, F and Bode, N and Boër, M and Bogaert, G and Boldrini, M and Bolingbroke, G N and Bonavena, L D and Bondarescu, R and Bondu, F and Bonilla, E and Bonnand, R and Booker, P and Bork, R and Boschi, V and Bose, N and Bose, S and Bossilkov, V and Boudart, V and Bouffanais, Y and Bozzi, A and Bradaschia, C and Brady, P R and Bramley, A and Branch, A and Branchesi, M and Brau, J E and Breschi, M and Briant, T and Briggs, J H and Brillet, A and Brinkmann, M and Brockill, P and Brooks, A F and Brooks, J and Brown, D D and Brunett, S and Bruno, G and Bruntz, R and Bryant, J and Bucci, F and Buchanan, J and Bulik, T and Bulten, H J and Buonanno, A and Burtnyk, K and Buscicchio, R and Buskulic, D and Buy, C and Byer, R L and Davies, G S Cabourn and Cabras, G and Cabrita, R and Cadonati, L and Cagnoli, G and Cahillane, C and Bustillo, J Calderón and Callaghan, J D and Callister, T A and Calloni, E and Camp, J B and Canepa, M and Caneva, G and Cannavacciuolo, M and Cannon, K C and Cao, H and Cao, Z and Capistran, L A and Capocasa, E and Capote, E and Carapella, G and Carbognani, F and Carlassara, M and Carlin, J B and Carpinelli, M and Carrillo, G and Carter, J J and Carullo, G and Diaz, J Casanueva and Casentini, C and Castaldi, G and Caudill, S and Cavaglià, M and Cavalier, F and Cavalieri, R and Cella, G and Cerdá-Durán, P and Cesarini, E and Chaibi, W and Chakalis, W and Subrahmanya, S Chalathadka and Champion, E and Chan, C-H and Chan, C and Chan, C L and Chan, K and Chan, M and Chandra, K and Chang, I P and Chang, W and Chanial, P and Chao, S and Chapman-Bird, C and Charlton, P and Chassande-Mottin, E and Chatterjee, C and Chatterjee, Debarati and Chatterjee, Deep and Chaturvedi, M and Chaty, S and Chatziioannou, K and Chen, C and Chen, D and Chen, H Y and Chen, J and Chen, K and Chen, X and Chen, Y-B and Chen, Y-R and Chen, Y and Cheng, H and Chessa, P and Cheung, H Y and Chia, H Y and Chiadini, F and Chiang, C-Y and Chiarini, G and Chierici, R and Chincarini, A and Chiofalo, M L and Chiummo, A and Choudhary, R K and Choudhary, S and Christensen, N and Chu, Q and Chu, Y-K and Chua, S S Y and Chung, K W and Ciani, G and Ciecielag, P and Cieślar, M and Cifaldi, M and Ciobanu, A A and Ciolfi, R and Clara, F and Clark, J A and Clarke, T A and Clearwater, P and Clesse, S and Cleva, F and Coccia, E and Codazzo, E and Cohadon, P-F and Cohen, D E and Colleoni, M and Collette, C G and Colombo, A and Colpi, M and Compton, C M and Conti, L and Cooper, S J and Corban, P and Corbitt, T R and Cordero-Carrión, I and Corezzi, S and Cornish, N J and Corsi, A and Cortese, S and Coschizza, A C and Cotesta, R and Cottingham, R and Coughlin, M W and Coulon, J-P and Countryman, S T and Cousins, B and Couvares, P and Coward, D M and Cowart, M J and Coyne, D C and Coyne, R and Craig, K and Creighton, J D E and Creighton, T D and Criswell, A W and Croquette, M and Crowder, S G and Cudell, J R and Cullen, T J and Cumming, A and Cummings, R and Cuoco, E and Curyło, M and Dabadie, P and Dal Canton, T and Dall’Osso, S and Dálya, G and Dana, A and D’Angelo, B and Danilishin, S and D’Antonio, S and Danzmann, K and Darsow-Fromm, C and Dasgupta, A and Datrier, L E H and Datta, Sayantani and Dattilo, V and Dave, I and Davier, M and Davis, D and Davis, M C and Daw, E J and Dax, M and DeBra, D and Deenadayalan, M and Degallaix, J and De Laurentis, M and Deléglise, S and Del Favero, V and De Lillo, F and De Lillo, N and Dell’Aquila, D and Del Pozzo, W and De Matteis, F and D’Emilio, V and Demos, N and Dent, T and Depasse, A and De Pietri, R and De Rosa, R and De Rossi, C and DeSalvo, R and De Simone, R and Dhurandhar, S and Diab, R and Díaz, M C and Didio, N A and Dietrich, T and Di Fiore, L and Di Fronzo, C and Di Giorgio, C and Di Giovanni, F and Di Giovanni, M and Di Girolamo, T and Diksha, D and Di Lieto, A and Di Michele, A and Di Pace, S and Di Palma, I and Di Renzo, F and Divakarla, A K and Dmitriev, A and Doctor, Z and Doleva, P P and Donahue, L and D’Onofrio, L and Donovan, F and Dooley, K L and Dooney, T and Doravari, S and Dorosh, O and Drago, M and Driggers, J C and Drori, Y and Ducoin, J-G and Dunn, L and Dupletsa, U and Durante, O and D’Urso, D and Duverne, P-A and Dwyer, S E and Eassa, C and Easter, P J and Ebersold, M and Eckhardt, T and Eddolls, G and Edelman, B and Edo, T B and Edy, O and Effler, A and Eguchi, S and Eichholz, J and Eikenberry, S S and Eisenmann, M and Eisenstein, R A and Ejlli, A and Engelby, E and Enomoto, Y and Errico, L and Essick, R C and Estellés, H and Estevez, D and Etzel, T and Evans, M and Evans, T M and Evstafyeva, T and Ewing, B E and Fabrizi, F and Faedi, F and Fafone, V and Fair, H and Fairhurst, S and Fan, P C and Farah, A M and Farr, B and Farr, W M and Favaro, G and Favata, M and Fays, M and Fazio, M and Feicht, J and Fejer, M M and Fenyvesi, E and Ferguson, D L and Fernandez-Galiana, A and Ferrante, I and Ferreira, T A and Fidecaro, F and Figura, P and Fiori, A and Fiori, I and Fishbach, M and Fisher, R P and Fittipaldi, R and Fiumara, V and Flaminio, R and Floden, E and Fong, H K and Font, J A and Fornal, B and Forsyth, P W F and Franke, A and Frasca, S and Frasconi, F and Freed, J P and Frei, Z and Freise, A and Freitas, O and Frey, R and Fritschel, P and Frolov, V V and Fronzé, G G and Fujii, Y and Fujikawa, Y and Fujimoto, Y and Fulda, P and Fyffe, M and Gabbard, H A and Gabella, W E and Gadre, B U and Gair, J R and Gais, J and Galaudage, S and Gamba, R and Ganapathy, D and Ganguly, A and Gao, D-F and Gao, D and Gaonkar, S G and Garaventa, B and Garcia-Bellido, J and García-Nú nez, C and García-Quirós, C and Gardner, K A and Gargiulo, J and Garufi, F and Gasbarra, C and Gateley, B and Gayathri, V and Ge, G-G and Gemme, G and Gennai, A and George, J and Gerberding, O and Gergely, L and Ghonge, S and Ghosh, Abhirup and Ghosh, Archisman and Ghosh, Shaon and Ghosh, Shrobana and Ghosh, Tathagata and Giacoppo, L and Giaime, J A and Giardina, K D and Gibson, D R and Gier, C and Giri, P and Gissi, F and Gkaitatzis, S and Glanzer, J and Gleckl, A E and Godoy, F G and Godwin, P and Goetz, E and Goetz, R and Golomb, J and Goncharov, B and González, G and Gosselin, M and Gouaty, R and Gould, D W and Goyal, S and Grace, B and Grado, A and Graham, V and Granata, M and Granata, V and Gras, S and Grassia, P and Gray, C and Gray, R and Greco, G and Green, A C and Green, R and Gretarsson, A M and Gretarsson, E M and Griffith, D and Griffiths, W L and Griggs, H L and Grignani, G and Grimaldi, A and Grimm, S J and Grote, H and Grunewald, S and Gruson, A S and Guerra, D and Guidi, G M and Guimaraes, A R and Gulati, H K and Gulminelli, F and Gunny, A M and Guo, H-K and Guo, Y and Gupta, Anchal and Gupta, Anuradha and Gupta, P and Gupta, S K and Gurs, J and Gustafson, R and Gutierrez, N and Guzman, F and Ha, S and Hadiputrawan, I P W and Haegel, L and Haino, S and Halim, O and Hall, E D and Hamilton, E Z and Hammond, G and Han, W-B and Haney, M and Hanks, J and Hanna, C and Hannam, M D and Hannuksela, O and Hansen, H and Hanson, J and Harada, R and Harder, T and Haris, K and Harms, J and Harry, G M and Harry, I W and Hartwig, D and Hasegawa, K and Haskell, B and Haster, C-J and Hathaway, J S and Hattori, K and Haughian, K and Hayakawa, H and Hayama, K and Hayes, F J and Healy, J and Heidmann, A and Heidt, A and Heintze, M C and Heinze, J and Heinzel, J and Heitmann, H and Hellman, F and Hello, P and Helmling-Cornell, A F and Hemming, G and Hendry, M and Heng, I S and Hennes, E and Hennig, J-S and Hennig, M and Henshaw, C and Hernandez, A G and Vivanco, F Hernandez and Heurs, M and Hewitt, A L and Higginbotham, S and Hild, S and Hill, P and Himemoto, Y and Hines, A S and Hirata, N and Hirose, C and Ho, T-C and Hochheim, S and Hofman, D and Hohmann, J N and Holcomb, D G and Holland, N A and Hollows, I J and Holmes, Z J and Holt, K and Holz, D E and Hong, Q and Hough, J and Hourihane, S and Howell, D and Howell, E J and Hoy, C G and Hoyland, D and Hreibi, A and Hsieh, B-H and Hsieh, H-F and Hsiung, C and Huang, H-Y and Huang, P and Huang, Y-C and Huang, Y-J and Huang, Y and Hübner, M T and Huddart, A D and Hughey, B and Hui, D C Y and Hui, V and Husa, S and Huttner, S H and Huxford, R and Huynh-Dinh, T and Hyland, J and Iandolo, G A and Ide, S and Idzkowski, B and Iess, A and Inayoshi, K and Inoue, Y and Iosif, P and Irwin, J and Gupta, Ish and Isi, M and Ito, K and Itoh, Y and Iyer, B R and JaberianHamedan, V and Jacqmin, T and Jacquet, P-E and Jadhav, S J and Jadhav, S P and Jain, T and James, A L and Jan, A Z and Jani, K and Janquart, J and Janssens, K and Janthalur, N N and Jaranowski, P and Jariwala, D and Jarov, S and Jaume, R and Jenkins, A C and Jenner, K and Jeon, C and Jia, W and Jiang, J and Jin, H-B and Johns, G R and Johnston, R and Johny, N and Jones, A W and Jones, D I and Jones, P and Jones, R and Joshi, P and Ju, L and Jung, K and Jung, P and Junker, J and Juste, V and Kaihotsu, K and Kajita, T and Kakizaki, M and Kalaghatgi, C and Kalogera, V and Kamai, B and Kamiizumi, M and Kanda, N and Kandhasamy, S and Kang, G and Kanner, J B and Kao, Y and Kapadia, S J and Kapasi, D P and Karat, S and Karathanasis, C and Karki, S and Kashyap, R and Kasprzack, M and Kastaun, W and Kato, T and Katsanevas, S and Katsavounidis, E and Katzman, W and Kaur, T and Kawabe, K and Kawaguchi, K and Kéfélian, F and Keitel, D and Key, J S and Khadka, S and Khalili, F Y and Khan, S and Khanam, T and Khazanov, E A and Khetan, N and Khursheed, M and Kijbunchoo, N and Kim, C and Kim, J C and Kim, J and Kim, K and Kim, P and Kim, W S and Kim, Y-M and Kimball, C and Kimura, N and King, B and Kinley-Hanlon, M and Kirchhoff, R and Kissel, J S and Klimenko, S and Klinger, T and Knee, A M and Knust, N and Kobayashi, Y and Koch, P and Koehlenbeck, S M and Koekoek, G and Kohri, K and Kokeyama, K and Koley, S and Kolitsidou, P and Kolstein, M and Kondrashov, V and Kong, A K H and Kontos, A and Korobko, M and Kossak, R V and Kovalam, M and Koyama, N and Kozak, D B and Kozakai, C and Kranzhoff, L and Kringel, V and Krishnendu, N V and Królak, A and Kuehn, G and Kuijer, P and Kulkarni, S and Kumar, A and Kumar, Praveen and Kumar, Prayush and Kumar, Rahul and Kumar, Rakesh and Kume, J and Kuns, K and Kuromiya, Y and Kuroyanagi, S and Kuwahara, S and Kwak, K and Lacaille, G and Lagabbe, P and Laghi, D and Lalande, E and Lalleman, M and Lamberts, A and Landry, M and Lane, B B and Lang, R N and Lange, J and Lantz, B and Rosa, I La and Lartaux-Vollard, A and Lasky, P D and Lawrence, J and Laxen, M and Lazzarini, A and Lazzaro, C and Leaci, P and Leavey, S and LeBohec, S and Lecoeuche, Y K and Lee, E and Lee, H M and Lee, H W and Lee, K and Lee, R and Legred, I N and Lehmann, J and Lemaître, A and Lenti, M and Leonardi, M and Leonova, E and Leroy, N and Letendre, N and Levesque, C and Levin, Y and Leviton, J N and Leyde, K and Li, A K Y and Li, B and Li, K L and Li, P and Li, T G F and Li, X and Lin, C-Y and Lin, E T and Lin, F-K and Lin, F-L and Lin, H L and Lin, L C-C and Linde, F and Linker, S D and Littenberg, T B and Liu, G C and Liu, J and Liu, X and Llamas, F and Lo, R K L and Lo, T and London, L T and Longo, A and Lopez, D and Portilla, M Lopez and Lorenzini, M and Loriette, V and Lormand, M and Losurdo, G and Lott, T P and Lough, J D and Lousto, C O and Lovelace, G and Lowry, M J and Lucaccioni, J F and Lück, H and Lumaca, D and Lundgren, A P and Lung, Y and Luo, L-W and Lussier, A W and Lynam, J E and Ma’arif, M and Macas, R and MacInnis, M and Macleod, D M and MacMillan, I A O and Macquet, A and Hernandez, I Maga na and Magazzù, C and Magee, R M and Maggiore, R and Magnozzi, M and Mahesh, S and Majorana, E and Makarem, C N and Maksimovic, I and Maliakal, S and Malik, A and Man, N and Mandic, V and Mangano, V and Mannix, B R and Mansell, G L and Mansingh, G and Manske, M and Mantovani, M and Mapelli, M and Marchesoni, F and Pina, D Marín and Marion, F and Mark, Z and Márka, S and Márka, Z and Markakis, C and Markosyan, A S and Markowitz, A and Maros, E and Marquina, A and Marsat, S and Martelli, F and Martin, I W and Martin, R M and Martinez, M and Martinez, V A and Martinez, V and Martinovic, K and Martynov, D V and Marx, E J and Masalehdan, H and Mason, K and Masserot, A and Masso-Reid, M and Mastrogiovanni, S and Matas, A and Mateu-Lucena, M and Matiushechkina, M and Mavalvala, N and McCann, J J and McCarthy, R and McClelland, D E and McClincy, P K and McCormick, S and McCuller, L and McGhee, G I and McGinn, J and McGuire, S C and McIsaac, C and McIver, J and McLeod, A and McRae, T and McWilliams, S T and Meacher, D and Mehmet, M and Mehta, A K and Meijer, Q and Melatos, A and Mendell, G and Menendez-Vazquez, A and Menoni, C S and Mercer, R A and Mereni, L and Merfeld, K and Merilh, E L and Merritt, J D and Merzougui, M and Messenger, C and Messick, C and Meyers, P M and Meylahn, F and Mhaske, A and Miani, A and Miao, H and Michaloliakos, I and Michel, C and Michimura, Y and Middleton, H and Mihaylov, D P and Miller, A and Miller, A L and Miller, B and Millhouse, M and Mills, J C and Milotti, E and Minenkov, Y and Mio, N and Mir, Ll M and Miravet-Tenés, M and Mishkin, A and Mishra, C and Mishra, T and Mistry, T and Mitchell, A L and Mitra, S and Mitrofanov, V P and Mitselmakher, G and Mittleman, R and Miyakawa, O and Miyo, K and Miyoki, S and Mo, Geoffrey and Modafferi, L M and Moguel, E and Mogushi, K and Mohapatra, S R P and Mohite, S R and Molina-Ruiz, M and Mondal, C and Mondin, M and Montani, M and Moore, C J and Moragues, J and Moraru, D and Morawski, F and More, A and More, S and Moreno, C and Moreno, G and Mori, Y and Morisaki, S and Morisue, N and Moriwaki, Y and Morras, G and Mours, B and Mow-Lowry, C M and Mozzon, S and Muciaccia, F and Mukherjee, D and Mukherjee, Soma and Mukherjee, Subroto and Mukherjee, Suvodip and Mukund, N and Mullavey, A and Munch, J and Mu niz, E A and Murray, P G and Muusse, S and Nadji, S L and Nagano, K and Nagar, A and Nagar, T and Nakamura, K and Nakano, H and Nakano, M and Nakayama, Y and Napolano, V and Nardecchia, I and Narola, H and Naticchioni, L and Nayak, R K and Neil, B F and Neilson, J and Nelson, A and Nelson, T J N and Nery, M and Neubauer, P and Neunzert, A and Ng, K Y and Ng, S W S and Nguyen, C and Nguyen, P and Nguyen, T and Quynh, L Nguyen and Ni, J and Ni, W-T and Nichols, S A and Nieradka, G and Nishimoto, T and Nishizawa, A and Nissanke, S and Nitoglia, E and Niu, W and Nocera, F and Norman, M and North, C and Notte, J and Novak, J and Siles, J F Nuno and Nozaki, S and Nurbek, G and Nuttall, L K and Obayashi, Y and Oberling, J and O’Brien, B D and O’Dell, J and Oelker, E and Oertel, M and Ogaki, W and Oganesyan, G and Oh, J J and Oh, K and Oh, S H and O’Hanlon, T and Ohashi, M and Ohashi, T and Ohkawa, M and Ohme, F and Ohta, H and Okutani, Y and Oliveri, R and Olivetto, C and Oohara, K and Oram, R and O’Reilly, B and Ormiston, R G and Ormsby, N D and Orselli, M and O’Shaughnessy, R and O’Shea, E and Oshino, S and Ossokine, S and Osthelder, C and Otabe, S and Ottaway, D J and Overmier, H and Pace, A E and Pagano, G and Pagano, R and Pagliaroli, G and Pai, A and Pai, S A and Pal, S and Palamos, J R and Palashov, O and Palomba, C and Pan, K-C and Panda, P K and Pang, P T H and Pannarale, F and Pant, B C and Panther, F H and Paoletti, F and Paoli, A and Paolone, A and Pappas, G and Parisi, A and Park, J and Parker, W and Pascucci, D and Pasqualetti, A and Passaquieti, R and Passuello, D and Patel, M and Patel, N R and Pathak, M and Patricelli, B and Patron, A S and Paul, S and Payne, E and Pedraza, M and Pedurand, R and Pegna, R and Pegoraro, M and Pele, A and Arellano, F E Pena and Penano, S and Penn, S and Perego, A and Pereira, A and Pereira, T and Perez, C J and Périgois, C and Perkins, C C and Perreca, A and Perriès, S and Perry, J W and Pesios, D and Petermann, J and Pfeiffer, H P and Pham, H and Pham, K A and Phukon, K S and Phurailatpam, H and Piccinni, O J and Pichot, M and Piendibene, M and Piergiovanni, F and Pierini, L and Pierra, G and Pierro, V and Pillant, G and Pillas, M and Pilo, F and Pinard, L and Pineda-Bosque, C and Pinto, I M and Pinto, M and Piotrzkowski, B J and Piotrzkowski, K and Pirello, M and Pitkin, M D and Placidi, A and Placidi, E and Planas, M L and Plastino, W and Poggiani, R and Polini, E and Pong, D Y T and Ponrathnam, S and Porter, E K and Posnansky, C and Poulton, R and Powell, J and Pracchia, M and Pradier, T and Prajapati, A K and Prasai, K and Prasanna, R and Pratten, G and Principe, M and Prodi, G A and Prokhorov, L and Prosposito, P and Prudenzi, L and Puecher, A and Punturo, M and Puosi, F and Puppo, P and Pürrer, M and Qi, H and Quartey, N and Quetschke, V and Quinonez, P J and Quitzow-James, R and Raab, F J and Raaijmakers, G and Radkins, H and Radulesco, N and Raffai, P and Rail, S X and Raja, S and Rajan, C and Ramirez, K E and Ramirez, T D and Ramos-Buades, A and Rana, D and Rana, J and Rangnekar, P R and Rapagnani, P and Ray, A and Raymond, V and Raza, N and Razzano, M and Read, J and Regimbau, T and Rei, L and Reid, S and Reid, S W and Reinhard, M and Reitze, D H and Relton, P and Renzini, A and Rettegno, P and Revenu, B and Reyes, J and Reza, A and Rezac, M and Rezaei, A S and Ricci, F and Richards, D and Richardson, J W and Richardson, L and Riles, K and Rinaldi, S and Robertson, C and Robertson, N A and Robie, R and Robinet, F and Rocchi, A and Rodriguez, S and Rolland, L and Rollins, J G and Romanelli, M and Romano, R and Romel, C L and Romero, A and Romero-Shaw, I M and Romie, J H and Ronchini, S and Roocke, T J and Rosa, L and Rose, C A and Rosińska, D and Ross, M P and Rossello, M and Rowan, S and Rowlinson, S J and Roy, Santosh and Roy, Soumen and Royzman, A and Rozza, D and Ruggi, P and Morales, E Ruiz and Ruiz-Rocha, K and Ryan, K and Sachdev, S and Sadecki, T and Sadiq, J and Saffarieh, P and Saha, S and Saito, Y and Sakai, K and Sakellariadou, M and Sakon, S and Salafia, O S and Salces-Carcoba, F and Salconi, L and Saleem, M and Salemi, F and Sallé, M and Samajdar, A and Sanchez, E J and Sanchez, J H and Sanchez, L E and Sanchis-Gual, N and Sanders, J R and Sanuy, A and Saravanan, T R and Sarin, N and Sasli, A and Sassolas, B and Satari, H and Sathyaprakash, B S and Sauter, O and Savage, R L and Savant, V and Sawada, T and Sawant, H L and Sayah, S and Schaetzl, D and Scheel, M and Scheuer, J and Schiworski, M G and Schmidt, P and Schmidt, S and Schnabel, R and Schneewind, M and Schofield, R M S and Schönbeck, A and Schulte, B W and Schutz, B F and Schwartz, E and Scott, J and Scott, S M and Seglar-Arroyo, M and Sekiguchi, Y and Sellers, D and Sengupta, A S and Sentenac, D and Seo, E G and Sequino, V and Sergeev, A and Servignat, G and Shaffer, Y Setyawati T and Shahriar, M S and Shaikh, M A and Shams, B and Shao, L and Sharma, A and Sharma, P and Shawhan, P and Shcheblanov, N S and Sheela, A and Sheridan, E and Shikano, Y and Shikauchi, M and Shimizu, H and Shimode, K and Shinkai, H and Shishido, T and Shoda, A and Shoemaker, D H and Shoemaker, D M and ShyamSundar, S and Sieniawska, M and Sigg, D and Silenzi, L and Singer, L P and Singh, D and Singh, M K and Singh, N and Singha, A and Sintes, A M and Sipala, V and Skliris, V and Slagmolen, B J J and Slaven-Blair, T J and Smetana, J and Smith, J R and Smith, L and Smith, R J E and Soldateschi, J and Somala, S N and Somiya, K and Song, I and Soni, K and Soni, S and Sordini, V and Sorrentino, F and Sorrentino, N and Soulard, R and Souradeep, T and Spagnuolo, V and Spencer, A P and Spera, M and Spinicelli, P and Srivastava, A K and Srivastava, V and Stachie, C and Stachurski, F and Steer, D A and Steinlechner, J and Steinlechner, S and Stergioulas, N and Stevenson, S and Stops, D J and Strain, K A and Strang, L C and Stratta, G and Strong, M D and Strunk, A and Sturani, R and Stuver, A L and Suchenek, M and Sudhagar, S and Sugimoto, R and Suh, H G and Sullivan, A G and Summerscales, T Z and Sun, L and Sunil, S and Sur, A and Suresh, J and Sutton, P J and Suzuki, Takamasa and Suzuki, Takanori and Suzuki, Toshikazu and Swinkels, B L and Syx, A and Szczepańczyk, M J and Szewczyk, P and Tacca, M and Tagoshi, H and Tait, S C and Takahashi, H and Takahashi, R and Takano, S and Takeda, H and Takeda, M and Talbot, C J and Talbot, C and Tamanini, N and Tanaka, K and Tanaka, Taiki and Tanaka, Takahiro and Tanasijczuk, A J and Tanioka, S and Tanner, D B and Tao, D and Tao, L and Tapia, R D and San Martín, E N Tapia and Taranto, C and Taruya, A and Tasson, J D and Tenorio, R and Terhune, J E S and Terkowski, L and Themann, H and Thirugnanasambandam, M P and Thomas, M and Thomas, P and Thomas, S and Thompson, D and Thompson, E E and Thompson, J E and Thondapu, S R and Thorne, K A and Thrane, E and Tiwari, Shubhanshu and Tiwari, Srishti and Tiwari, V and Toivonen, A M and Tolley, A E and Tomaru, T and Tomura, T and Tonelli, M and Torres-Forné, A and Torrie, C I and Melo, I Tosta e and Tournefier, E and Töyrä, D and Trapananti, A and Travasso, F and Traylor, G and Trenado, J and Trevor, M and Tringali, M C and Tripathee, A and Troiano, L and Trovato, A and Trozzo, L and Trudeau, R J and Tsai, D and Tsang, K W and Tsang, T and Tsao, J-S and Tse, M and Tso, R and Tsuchida, S and Tsukada, L and Tsuna, D and Tsutsui, T and Turbang, K and Turconi, M and Turski, C and Tuyenbayev, D and Ubach, H and Ubhi, A S and Uchiyama, T and Udall, R P and Ueda, A and Uehara, T and Ueno, K and Ueshima, G and Unnikrishnan, C S and Urban, A L and Ushiba, T and Utina, A and Vahlbruch, H and Vaidya, N and Vajente, G and Vajpeyi, A and Valdes, G and Valentini, M and Vallero, S and Valsan, V and van Bakel, N and van Beuzekom, M and van Dael, M and van den Brand, J F J and Van Den Broeck, C and Vander-Hyde, D C and Van de Walle, A and van Dongen, J and van Haevermaet, H and van Heijningen, J V and Vanosky, J and van Putten, M H P M and van Ranst, Z and van Remortel, N and Vardaro, M and Vargas, A F and Varma, V and Vasúth, M and Vecchio, A and Vedovato, G and Veitch, J and Veitch, P J and Venneberg, J and Venugopalan, G and Verdier, P and Verkindt, D and Verma, P and Verma, Y and Vermeulen, S M and Veske, D and Vetrano, F and Viceré, A and Vidyant, S and Viets, A D and Vijaykumar, A and Villa-Ortega, V and Vinet, J-Y and Virtuoso, A and Vitale, S and Vocca, H and von Reis, E R G and von Wrangel, J S A and Vorvick, C and Vyatchanin, S P and Wade, L E and Wade, M and Wagner, K J and Walet, R C and Walker, M and Wallace, G S and Wallace, L and Wang, J and Wang, J Z and Wang, W H and Ward, R L and Warner, J and Was, M and Washimi, T and Washington, N Y and Watada, K and Watarai, D and Watchi, J and Wayt, K E and Weaver, B and Weaving, C R and Webster, S A and Weinert, M and Weinstein, A J and Weiss, R and Weller, C M and Weller, R A and Wellmann, F and Wen, L and Weßels, P and Wette, K and Whelan, J T and White, D D and Whiting, B F and Whittle, C and Wilk, O S and Wilken, D and Williams, C E and Williams, D and Williams, M J and Williamson, A R and Willis, J L and Willke, B and Wipf, C C and Woan, G and Woehler, J and Wofford, J K and Wojtowicz, I A and Wong, D and Wong, I C F and Wright, M and Wu, C and Wu, D S and Wu, H and Wysocki, D M and Xiao, L and Yadav, N and Yamada, T and Yamamoto, H and Yamamoto, K and Yamamoto, T and Yamashita, K and Yamazaki, R and Yang, F W and Yang, K Z and Yang, L and Yang, Y-C and Yang, Y and Yang, Yang and Yap, M J and Yeeles, D W and Yeh, S-W and Yelikar, A B and Yokoyama, J and Yokozawa, T and Yoo, J and Yoshioka, T and Yu, Hang and Yu, Haocun and Yuzurihara, H and Zadrożny, A and Zanolin, M and Zeidler, S and Zelenova, T and Zendri, J-P and Zevin, M and Zhan, M and Zhang, H and Zhang, J and Zhang, L and Zhang, R and Zhang, T and Zhang, Y and Zhao, C and Zhao, G and Zhao, Y and Zhao, Yue and Zheng, Y and Zhou, R and Zhu, X J and Zhu, Z-H and Zimmerman, A B and Zucker, M E and Zweizig, J and Shandera, S and Jeong, D},
	month = feb,
	year = {2023},
	pages = {stad588},
	file = {Full Text PDF:/Users/baierj/Zotero/storage/QY47BP5Q/Abbott et al. - 2023 - Search for subsolar-mass black hole binaries in th.pdf:application/pdf;Snapshot:/Users/baierj/Zotero/storage/YS7W9TD7/7060405.html:text/html},
	keywords={published},
	volume={},
}

@article{abbott_search_2021,
	title = {Search for {Lensing} {Signatures} in the {Gravitational}-{Wave} {Observations} from the {First} {Half} of {LIGO}-{Virgo}'s {Third} {Observing} {Run}},
	volume = {923},
	copyright = {All rights reserved},
	issn = {0004-637X},
	url = {https://ui.adsabs.harvard.edu/abs/2021ApJ...923...14A},
	doi = {10.3847/1538-4357/ac23db},
	abstract = {We search for signatures of gravitational lensing in the gravitational-wave signals from compact binary coalescences detected by Advanced Laser Interferometer Gravitational-wave Observatory (LIGO) and Advanced Virgo during O3a, the first half of their third observing run. We study: (1) the expected rate of lensing at current detector sensitivity and the implications of a non-observation of strong lensing or a stochastic gravitational-wave background on the merger-rate density at high redshift; (2) how the interpretation of individual high-mass events would change if they were found to be lensed; (3) the possibility of multiple images due to strong lensing by galaxies or galaxy clusters; and (4) possible wave-optics effects due to point-mass microlenses. Several pairs of signals in the multiple-image analysis show similar parameters and, in this sense, are nominally consistent with the strong lensing hypothesis. However, taking into account population priors, selection effects, and the prior odds against lensing, these events do not provide sufficient evidence for lensing. Overall, we find no compelling evidence for lensing in the observed gravitational-wave signals from any of these analyses.},
	urldate = {2023-07-01},
	journal = {\apj},
	author = {Abbott, R. and Abbott, T. D. and Abraham, S. and Acernese, F. and Ackley, K. and Adams, A. and Adams, C. and Adhikari, R. X. and Adya, V. B. and Affeldt, C. and Agarwal, D. and Agathos, M. and Agatsuma, K. and Aggarwal, N. and Aguiar, O. D. and Aiello, L. and Ain, A. and Ajith, P. and Aleman, K. M. and Allen, G. and Allocca, A. and Altin, P. A. and Amato, A. and Anand, S. and Ananyeva, A. and Anderson, S. B. and Anderson, W. G. and Angelova, S. V. and Ansoldi, S. and Antelis, J. M. and Antier, S. and Appert, S. and Arai, K. and Araya, M. C. and Areeda, J. S. and Arène, M. and Arnaud, N. and Aronson, S. M. and Arun, K. G. and Asali, Y. and Ashton, G. and Aston, S. M. and Astone, P. and Aubin, F. and Aufmuth, P. and AultONeal, K. and Austin, C. and Babak, S. and Badaracco, F. and Bader, M. K. M. and Bae, S. and Baer, A. M. and Bagnasco, S. and Bai, Y. and Baird, J. and Ball, M. and Ballardin, G. and Ballmer, S. W. and Bals, M. and Balsamo, A. and Baltus, G. and Banagiri, S. and Bankar, D. and Bankar, R. S. and Barayoga, J. C. and Barbieri, C. and Barish, B. C. and Barker, D. and Barneo, P. and Barone, F. and Barr, B. and Barsotti, L. and Barsuglia, M. and Barta, D. and Bartlett, J. and Barton, M. A. and Bartos, I. and Bassiri, R. and Basti, A. and Bawaj, M. and Bayley, J. C. and Baylor, A. C. and Bazzan, M. and Bécsy, B. and Bedakihale, V. M. and Bejger, M. and Belahcene, I. and Benedetto, V. and Beniwal, D. and Benjamin, M. G. and Bennett, T. F. and Bentley, J. D. and BenYaala, M. and Bergamin, F. and Berger, B. K. and Bernuzzi, S. and Berry, C. P. L. and Bersanetti, D. and Bertolini, A. and Betzwieser, J. and Bhandare, R. and Bhandari, A. V. and Bhattacharjee, D. and Bhaumik, S. and Bidler, J. and Bilenko, I. A. and Billingsley, G. and Birney, R. and Birnholtz, O. and Biscans, S. and Bischi, M. and Biscoveanu, S. and Bisht, A. and Biswas, B. and Bitossi, M. and Bizouard, M. -A. and Blackburn, J. K. and Blackman, J. and Blair, C. D. and Blair, D. G. and Blair, R. M. and Bobba, F. and Bode, N. and Boer, M. and Bogaert, G. and Boldrini, M. and Bondu, F. and Bonilla, E. and Bonnand, R. and Booker, P. and Boom, B. A. and Bork, R. and Boschi, V. and Bose, N. and Bose, S. and Bossilkov, V. and Boudart, V. and Bouffanais, Y. and Bozzi, A. and Bradaschia, C. and Brady, P. R. and Bramley, A. and Branch, A. and Branchesi, M. and Brau, J. E. and Breschi, M. and Briant, T. and Briggs, J. H. and Brillet, A. and Brinkmann, M. and Brockill, P. and Brooks, A. F. and Brooks, J. and Brown, D. D. and Brunett, S. and Bruno, G. and Bruntz, R. and Bryant, J. and Buikema, A. and Bulik, T. and Bulten, H. J. and Buonanno, A. and Buscicchio, R. and Buskulic, D. and Byer, R. L. and Cadonati, L. and Caesar, M. and Cagnoli, G. and Cahillane, C. and , III, H. W. Cain and Bustillo, J. Calderón and Callaghan, J. D. and Callister, T. A. and Calloni, E. and Camp, J. B. and Canepa, M. and Cannavacciuolo, M. and Cannon, K. C. and Cao, H. and Cao, J. and Capote, E. and Carapella, G. and Carbognani, F. and Carlin, J. B. and Carney, M. F. and Carpinelli, M. and Carullo, G. and Carver, T. L. and Diaz, J. Casanueva and Casentini, C. and Castaldi, G. and Caudill, S. and Cavaglià, M. and Cavalier, F. and Cavalieri, R. and Cella, G. and Cerdá-Durán, P. and Cesarini, E. and Chaibi, W. and Chakravarti, K. and Champion, B. and Chan, C. -H. and Chan, C. and Chan, C. L. and Chandra, K. and Chanial, P. and Chao, S. and Charlton, P. and Chase, E. A. and Chassande-Mottin, E. and Chatterjee, D. and Chaturvedi, M. and Chen, A. and Chen, H. Y. and Chen, J. and Chen, X. and Chen, Y. and Chen, Z. and Cheng, H. and Cheong, C. K. and Cheung, H. Y. and Chia, H. Y. and Chiadini, F. and Chierici, R. and Chincarini, A. and Chiofalo, M. L. and Chiummo, A. and Cho, G. and Cho, H. S. and Choate, S. and Choudhary, R. K. and Choudhary, S. and Christensen, N. and Chu, Q. and Chua, S. and Chung, K. W. and Ciani, G. and Ciecielag, P. and Cieślar, M. and Cifaldi, M. and Ciobanu, A. A. and Ciolfi, R. and Cipriano, F. and Cirone, A. and Clara, F. and Clark, E. N. and Clark, J. A. and Clarke, L. and Clearwater, P. and Clesse, S. and Cleva, F. and Coccia, E. and Cohadon, P. -F. and Cohen, D. E. and Cohen, L. and Colleoni, M. and Collette, C. G. and Colpi, M. and Compton, C. M. and Constancio, M. and Conti, L. and Cooper, S. J. and Corban, P. and Corbitt, T. R. and Cordero-Carrión, I. and Corezzi, S. and Corley, K. R. and Cornish, N. and Corre, D. and Corsi, A. and Cortese, S. and Costa, C. A. and Cotesta, R. and Coughlin, M. W. and Coughlin, S. B. and Coulon, J. -P. and Countryman, S. T. and Cousins, B. and Couvares, P. and Covas, P. B. and Coward, D. M. and Cowart, M. J. and Coyne, D. C. and Coyne, R. and Creighton, J. D. E. and Creighton, T. D. and Criswell, A. W. and Croquette, M. and Crowder, S. G. and Cudell, J. R. and Cullen, T. J. and Cumming, A. and Cummings, R. and Cuoco, E. and Curyło, M. and Canton, T. Dal and Dálya, G. and Dana, A. and DaneshgaranBajastani, L. M. and D'Angelo, B. and Danilishin, S. L. and D'Antonio, S. and Danzmann, K. and Darsow-Fromm, C. and Dasgupta, A. and Datrier, L. E. H. and Dattilo, V. and Dave, I. and Davier, M. and Davies, G. S. and Davis, D. and Daw, E. J. and Dean, R. and DeBra, D. and Deenadayalan, M. and Degallaix, J. and Laurentis, M. De and Deléglise, S. and Favero, V. Del and Lillo, F. De and Lillo, N. De and Pozzo, W. Del and DeMarchi, L. M. and Matteis, F. De and D'Emilio, V. and Demos, N. and Dent, T. and Depasse, A. and Pietri, R. De and Rosa, R. De and Rossi, C. De and DeSalvo, R. and Simone, R. De and Dhurandhar, S. and Díaz, M. C. and Diaz-Ortiz, M. and Didio, N. A. and Dietrich, T. and Di Fiore, L. and Di Fronzo, C. and Di Giorgio, C. and Di Giovanni, F. and Di Girolamo, T. and Di Lieto, A. and Ding, B. and Di Pace, S. and Di Palma, I. and Di Renzo, F. and Divakarla, A. K. and Dmitriev, A. and Doctor, Z. and D'Onofrio, L. and Donovan, F. and Dooley, K. L. and Doravari, S. and Dorrington, I. and Drago, M. and Driggers, J. C. and Drori, Y. and Du, Z. and Ducoin, J. -G. and Dupej, P. and Durante, O. and D'Urso, D. and Duverne, P. -A. and Dwyer, S. E. and Easter, P. J. and Ebersold, M. and Eddolls, G. and Edelman, B. and Edo, T. B. and Edy, O. and Effler, A. and Eichholz, J. and Eikenberry, S. S. and Eisenmann, M. and Eisenstein, R. A. and Ejlli, A. and Errico, L. and Essick, R. C. and Estellés, H. and Estevez, D. and Etienne, Z. and Etzel, T. and Evans, M. and Evans, T. M. and Ewing, B. E. and Ezquiaga, J. M. and Fafone, V. and Fair, H. and Fairhurst, S. and Fan, X. and Farah, A. M. and Farinon, S. and Farr, B. and Farr, W. M. and Farrow, N. W. and Fauchon-Jones, E. J. and Favata, M. and Fays, M. and Fazio, M. and Feicht, J. and Fejer, M. M. and Feng, F. and Fenyvesi, E. and Ferguson, D. L. and Fernandez-Galiana, A. and Ferrante, I. and Ferreira, T. A. and Fidecaro, F. and Figura, P. and Fiori, I. and Fishbach, M. and Fisher, R. P. and Fittipaldi, R. and Fiumara, V. and Flaminio, R. and Floden, E. and Flynn, E. and Fong, H. and Font, J. A. and Fornal, B. and Forsyth, P. W. F. and Franke, A. and Frasca, S. and Frasconi, F. and Frederick, C. and Frei, Z. and Freise, A. and Frey, R. and Fritschel, P. and Frolov, V. V. and Fronzé, G. G. and Fulda, P. and Fyffe, M. and Gabbard, H. A. and Gadre, B. U. and Gaebel, S. M. and Gair, J. R. and Gais, J. and Galaudage, S. and Gamba, R. and Ganapathy, D. and Ganguly, A. and Gaonkar, S. G. and Garaventa, B. and García-Núñez, C. and García-Quirós, C. and Garufi, F. and Gateley, B. and Gaudio, S. and Gayathri, V. and Gemme, G. and Gennai, A. and George, J. and Gergely, L. and Gewecke, P. and Ghonge, S. and Ghosh, Abhirup. and Ghosh, Archisman and Ghosh, Shaon and Ghosh, Shrobana and Ghosh, Sourath and Giacomazzo, B. and Giacoppo, L. and Giaime, J. A. and Giardina, K. D. and Gibson, D. R. and Gier, C. and Giesler, M. and Giri, P. and Gissi, F. and Glanzer, J. and Gleckl, A. E. and Godwin, P. and Goetz, E. and Goetz, R. and Gohlke, N. and Goncharov, B. and González, G. and Gopakumar, A. and Gosselin, M. and Gouaty, R. and Goyal, S. and Grace, B. and Grado, A. and Granata, M. and Granata, V. and Grant, A. and Gras, S. and Grassia, P. and Gray, C. and Gray, R. and Greco, G. and Green, A. C. and Green, R. and Gretarsson, A. M. and Gretarsson, E. M. and Griffith, D. and Griffiths, W. and Griggs, H. L. and Grignani, G. and Grimaldi, A. and Grimes, E. and Grimm, S. J. and Grote, H. and Grunewald, S. and Gruning, P. and Guerrero, J. G. and Guidi, G. M. and Guimaraes, A. R. and Guixé, G. and Gulati, H. K. and Guo, H. -K. and Guo, Y. and Gupta, Anchal and Gupta, Anuradha and Gupta, P. and Gustafson, E. K. and Gustafson, R. and Guzman, F. and Haegel, L. and Halim, O. and Hall, E. D. and Hamilton, E. Z. and Hammond, G. and Haney, M. and Hanks, J. and Hanna, C. and Hannam, M. D. and Hannuksela, O. A. and Hansen, H. and Hansen, T. J. and Hanson, J. and Harder, T. and Hardwick, T. and Haris, K. and Harms, J. and Harry, G. M. and Harry, I. W. and Hartwig, D. and Haskell, B. and Hasskew, R. K. and Haster, C. -J. and Haughian, K. and Hayes, F. J. and Healy, J. and Heidmann, A. and Heintze, M. C. and Heinze, J. and Heinzel, J. and Heitmann, H. and Hellman, F. and Hello, P. and Helmling-Cornell, A. F. and Hemming, G. and Hendry, M. and Heng, I. S. and Hennes, E. and Hennig, J. and Hennig, M. H. and Vivanco, F. Hernandez and Heurs, M. and Hild, S. and Hill, P. and Hines, A. S. and Hochheim, S. and Hofman, D. and Hohmann, J. N. and Holgado, A. M. and Holland, N. A. and Hollows, I. J. and Holmes, Z. J. and Holt, K. and Holz, D. E. and Hopkins, P. and Hough, J. and Howell, E. J. and Hoy, C. G. and Hoyland, D. and Hreibi, A. and Hsu, Y. and Huang, Y. and Hübner, M. T. and Huddart, A. D. and Huerta, E. A. and Hughey, B. and Hui, V. and Husa, S. and Huttner, S. H. and Huxford, R. and Huynh-Dinh, T. and Idzkowski, B. and Iess, A. and Inchauspe, H. and Ingram, C. and Intini, G. and Isi, M. and Isleif, K. and Iyer, B. R. and JaberianHamedan, V. and Jacqmin, T. and Jadhav, S. J. and Jadhav, S. P. and James, A. L. and Jan, A. Z. and Jani, K. and Janquart, J. and Janssens, K. and Janthalur, N. N. and Jaranowski, P. and Jariwala, D. and Jaume, R. and Jenkins, A. C. and Jeunon, M. and Jia, W. and Jiang, J. and Johns, G. R. and Jones, A. W. and Jones, D. I. and Jones, J. D. and Jones, P. and Jones, R. and Jonker, R. J. G. and Ju, L. and Junker, J. and Kalaghatgi, C. V. and Kalogera, V. and Kamai, B. and Kandhasamy, S. and Kang, G. and Kanner, J. B. and Kao, Y. and Kapadia, S. J. and Kapasi, D. P. and Karat, S. and Karathanasis, C. and Karki, S. and Kashyap, R. and Kasprzack, M. and Kastaun, W. and Katsanevas, S. and Katsavounidis, E. and Katzman, W. and Kaur, T. and Kawabe, K. and Kéfélian, F. and Keitel, D. and Key, J. S. and Khadka, S. and Khalili, F. Y. and Khan, I. and Khan, S. and Khazanov, E. A. and Khetan, N. and Khursheed, M. and Kijbunchoo, N. and Kim, C. and Kim, J. C. and Kim, K. and Kim, W. S. and Kim, Y. -M. and Kimball, C. and King, P. J. and Kinley-Hanlon, M. and Kirchhoff, R. and Kissel, J. S. and Kleybolte, L. and Klimenko, S. and Knee, A. M. and Knowles, T. D. and Knyazev, E. and Koch, P. and Koekoek, G. and Koley, S. and Kolitsidou, P. and Kolstein, M. and Komori, K. and Kondrashov, V. and Kontos, A. and Koper, N. and Korobko, M. and Kovalam, M. and Kozak, D. B. and Kringel, V. and Krishnendu, N. V. and Królak, A. and Kuehn, G. and Kuei, F. and Kumar, A. and Kumar, P. and Kumar, Rahul and Kumar, Rakesh and Kuns, K. and Kwang, S. and Laghi, D. and Lalande, E. and Lam, T. L. and Lamberts, A. and Landry, M. and Lane, B. B. and Lang, R. N. and Lange, J. and Lantz, B. and Rosa, I. La and Lartaux-Vollard, A. and Lasky, P. D. and Laxen, M. and Lazzarini, A. and Lazzaro, C. and Leaci, P. and Leavey, S. and Lecoeuche, Y. K. and Lee, H. M. and Lee, H. W. and Lee, J. and Lee, K. and Lehmann, J. and Lemaître, A. and Leon, E. and Leroy, N. and Letendre, N. and Levin, Y. and Leviton, J. N. and Li, A. K. Y. and Li, B. and Li, J. and Li, T. G. F. and Li, X. and Linde, F. and Linker, S. D. and Linley, J. N. and Littenberg, T. B. and Liu, J. and Liu, K. and Liu, X. and Llorens-Monteagudo, M. and Lo, R. K. L. and Lockwood, A. and Lollie, M. L. and London, L. T. and Longo, A. and Lopez, D. and Lorenzini, M. and Loriette, V. and Lormand, M. and Losurdo, G. and Lough, J. D. and Lousto, C. O. and Lovelace, G. and Lück, H. and Lumaca, D. and Lundgren, A. P. and Macas, R. and MacInnis, M. and Macleod, D. M. and MacMillan, I. A. O. and Macquet, A. and Hernandez, I. Magaña and Magaña-Sandoval, F. and Magazzù, C. and Magee, R. M. and Maggiore, R. and Majorana, E. and Makarem, C. and Maksimovic, I. and Maliakal, S. and Malik, A. and Man, N. and Mandic, V. and Mangano, V. and Mango, J. L. and Mansell, G. L. and Manske, M. and Mantovani, M. and Mapelli, M. and Marchesoni, F. and Marion, F. and Mark, Z. and Márka, S. and Márka, Z. and Markakis, C. and Markosyan, A. S. and Markowitz, A. and Maros, E. and Marquina, A. and Marsat, S. and Martelli, F. and Martin, I. W. and Martin, R. M. and Martinez, M. and Martinez, V. and Martinovic, K. and Martynov, D. V. and Marx, E. J. and Masalehdan, H. and Mason, K. and Massera, E. and Masserot, A. and Massinger, T. J. and Masso-Reid, M. and Mastrogiovanni, S. and Matas, A. and Mateu-Lucena, M. and Matichard, F. and Matiushechkina, M. and Mavalvala, N. and McCann, J. J. and McCarthy, R. and McClelland, D. E. and McClincy, P. and McCormick, S. and McCuller, L. and McGhee, G. I. and McGuire, S. C. and McIsaac, C. and McIver, J. and McManus, D. J. and McRae, T. and McWilliams, S. T. and Meacher, D. and Mehmet, M. and Mehta, A. K. and Melatos, A. and Melchor, D. A. and Mendell, G. and Menendez-Vazquez, A. and Menoni, C. S. and Mercer, R. A. and Mereni, L. and Merfeld, K. and Merilh, E. L. and Merritt, J. D. and Merzougui, M. and Meshkov, S. and Messenger, C. and Messick, C. and Meyers, P. M. and Meylahn, F. and Mhaske, A. and Miani, A. and Miao, H. and Michaloliakos, I. and Michel, C. and Middleton, H. and Milano, L. and Miller, A. L. and Millhouse, M. and Mills, J. C. and Milotti, E. and Milovich-Goff, M. C. and Minazzoli, O. and Minenkov, Y. and Mir, Ll. M. and Mishkin, A. and Mishra, C. and Mishra, T. and Mistry, T. and Mitra, S. and Mitrofanov, V. P. and Mitselmakher, G. and Mittleman, R. and Mo, Geoffrey and Mogushi, K. and Mohapatra, S. R. P. and Mohite, S. R. and Molina, I. and Molina-Ruiz, M. and Mondin, M. and Montani, M. and Moore, C. J. and Moraru, D. and Morawski, F. and More, A. and Moreno, C. and Moreno, G. and Morisaki, S. and Mours, B. and Mow-Lowry, C. M. and Mozzon, S. and Muciaccia, F. and Mukherjee, Arunava and Mukherjee, D. and Mukherjee, Soma and Mukherjee, Subroto and Mukund, N. and Mullavey, A. and Munch, J. and Muñiz, E. A. and Murray, P. G. and Musenich, R. and Nadji, S. L. and Nagar, A. and Nardecchia, I. and Naticchioni, L. and Nayak, B. and Nayak, R. K. and Neil, B. F. and Neilson, J. and Nelemans, G. and Nelson, T. J. N. and Nery, M. and Neunzert, A. and Ng, K. Y. and Ng, S. W. S. and Nguyen, C. and Nguyen, P. and Nguyen, T. and Nichols, S. A. and Nissanke, S. and Nocera, F. and Noh, M. and Norman, M. and North, C. and Nuttall, L. K. and Oberling, J. and O'Brien, B. D. and O'Dell, J. and Oganesyan, G. and Oh, J. J. and Oh, S. H. and Ohme, F. and Ohta, H. and Okada, M. A. and Olivetto, C. and Oram, R. and O'Reilly, B. and Ormiston, R. G. and Ormsby, N. D. and Ortega, L. F. and O'Shaughnessy, R. and O'Shea, E. and Ossokine, S. and Osthelder, C. and Ottaway, D. J. and Overmier, H. and Pace, A. E. and Pagano, G. and Page, M. A. and Pagliaroli, G. and Pai, A. and Pai, S. A. and Palamos, J. R. and Palashov, O. and Palomba, C. and Panda, P. K. and Pang, P. T. H. and Pankow, C. and Pannarale, F. and Pant, B. C. and Paoletti, F. and Paoli, A. and Paolone, A. and Parker, W. and Pascucci, D. and Pasqualetti, A. and Passaquieti, R. and Passuello, D. and Patel, M. and Patricelli, B. and Payne, E. and Pechsiri, T. C. and Pedraza, M. and Pegoraro, M. and Pele, A. and Penn, S. and Perego, A. and Pereira, A. and Pereira, T. and Perez, C. J. and Périgois, C. and Perreca, A. and Perriès, S. and Petermann, J. and Petterson, D. and Pfeiffer, H. P. and Pham, K. A. and Phukon, K. S. and Piccinni, O. J. and Pichot, M. and Piendibene, M. and Piergiovanni, F. and Pierini, L. and Pierro, V. and Pillant, G. and Pilo, F. and Pinard, L. and Pinto, I. M. and Piotrzkowski, B. J. and Piotrzkowski, K. and Pirello, M. and Pitkin, M. and Placidi, E. and Plastino, W. and Pluchar, C. and Poggiani, R. and Polini, E. and Pong, D. Y. T. and Ponrathnam, S. and Popolizio, P. and Porter, E. K. and Powell, J. and Pracchia, M. and Pradier, T. and Prajapati, A. K. and Prasai, K. and Prasanna, R. and Pratten, G. and Prestegard, T. and Principe, M. and Prodi, G. A. and Prokhorov, L. and Prosposito, P. and Prudenzi, L. and Puecher, A. and Punturo, M. and Puosi, F. and Puppo, P. and Pürrer, M. and Qi, H. and Quetschke, V. and Quinonez, P. J. and Quitzow-James, R. and Raab, F. J. and Raaijmakers, G. and Radkins, H. and Radulesco, N. and Raffai, P. and Rail, S. X. and Raja, S. and Rajan, C. and Ramirez, K. E. and Ramirez, T. D. and Ramos-Buades, A. and Rana, J. and Rapagnani, P. and Rapol, U. D. and Ratto, B. and Raymond, V. and Raza, N. and Razzano, M. and Read, J. and Rees, L. A. and Regimbau, T. and Rei, L. and Reid, S. and Reitze, D. H. and Relton, P. and Rettegno, P. and Ricci, F. and Richardson, C. J. and Richardson, J. W. and Richardson, L. and Ricker, P. M. and Riemenschneider, G. and Riles, K. and Rizzo, M. and Robertson, N. A. and Robie, R. and Robinet, F. and Rocchi, A. and Rocha, J. A. and Rodriguez, S. and Rodriguez-Soto, R. D. and Rolland, L. and Rollins, J. G. and Roma, V. J. and Romanelli, M. and Romano, R. and Romel, C. L. and Romero, A. and Romero-Shaw, I. M. and Romie, J. H. and Rose, C. A. and Rosińska, D. and Rosofsky, S. G. and Ross, M. P. and Rowan, S. and Rowlinson, S. J. and Roy, Santosh and Roy, Soumen and Rozza, D. and Ruggi, P. and Ryan, K. and Sachdev, S. and Sadecki, T. and Sadiq, J. and Sakellariadou, M. and Salafia, O. S. and Salconi, L. and Saleem, M. and Salemi, F. and Samajdar, A. and Sanchez, E. J. and Sanchez, J. H. and Sanchez, L. E. and Sanchis-Gual, N. and Sanders, J. R. and Sanuy, A. and Saravanan, T. R. and Sarin, N. and Sassolas, B. and Satari, H. and Sathyaprakash, B. S. and Sauter, O. and Savage, R. L. and Savant, V. and Sawant, D. and Sawant, H. L. and Sayah, S. and Schaetzl, D. and Scheel, M. and Scheuer, J. and Schindler-Tyka, A. and Schmidt, P. and Schnabel, R. and Schneewind, M. and Schofield, R. M. S. and Schönbeck, A. and Schulte, B. W. and Schutz, B. F. and Schwartz, E. and Scott, J. and Scott, S. M. and Seglar-Arroyo, M. and Seidel, E. and Sellers, D. and Sengupta, A. S. and Sennett, N. and Sentenac, D. and Seo, E. G. and Sequino, V. and Sergeev, A. and Setyawati, Y. and Shaffer, T. and Shahriar, M. S. and Shams, B. and Sharifi, S. and Sharma, A. and Sharma, P. and Shawhan, P. and Shcheblanov, N. S. and Shen, H. and Shikauchi, M. and Shink, R. and Shoemaker, D. H. and Shoemaker, D. M. and Shukla, K. and ShyamSundar, S. and Sieniawska, M. and Sigg, D. and Singer, L. P. and Singh, D. and Singh, N. and Singha, A. and Sintes, A. M. and Sipala, V. and Skliris, V. and Slagmolen, B. J. J. and Slaven-Blair, T. J. and Smetana, J. and Smith, J. R. and Smith, R. J. E. and Somala, S. N. and Son, E. J. and Soni, K. and Soni, S. and Sorazu, B. and Sordini, V. and Sorrentino, F. and Sorrentino, N. and Soulard, R. and Souradeep, T. and Sowell, E. and Spagnuolo, V. and Spencer, A. P. and Spera, M. and Srivastava, A. K. and Srivastava, V. and Staats, K. and Stachie, C. and Steer, D. A. and Steinlechner, J. and Steinlechner, S. and Stops, D. J. and Stover, M. and Strain, K. A. and Strang, L. C. and Stratta, G. and Strunk, A. and Sturani, R. and Stuver, A. L. and Südbeck, J. and Sudhagar, S. and Sudhir, V. and Suh, H. G. and Summerscales, T. Z. and Sun, H. and Sun, L. and Sunil, S. and Sur, A. and Suresh, J. and Sutton, P. J. and Swinkels, B. L. and Szczepańczyk, M. J. and Szewczyk, P. and Tacca, M. and Tait, S. C. and Talbot, C. and Tanasijczuk, A. J. and Tanner, D. B. and Tao, D. and Tapia, A. and San Martin, E. N. Tapia and Tasson, J. D. and Tenorio, R. and Terkowski, L. and Test, M. and Thirugnanasambandam, M. P. and Thomas, M. and Thomas, P. and Thompson, J. E. and Thondapu, S. R. and Thorne, K. A. and Thrane, E. and Tiwari, Shubhanshu and Tiwari, Srishti and Tiwari, V. and Toland, K. and Tolley, A. E. and Tonelli, M. and Torres-Forné, A. and Torrie, C. I. and e Melo, I. Tosta and Töyrä, D. and Trapananti, A. and Travasso, F. and Traylor, G. and Tringali, M. C. and Tripathee, A. and Troiano, L. and Trovato, A. and Trudeau, R. J. and Tsai, D. S. and Tsai, D. and Tsang, K. W. and Tse, M. and Tso, R. and Tsukada, L. and Tsuna, D. and Tsutsui, T. and Turconi, M. and Ubhi, A. S. and Udall, R. P. and Ueno, K. and Ugolini, D. and Unnikrishnan, C. S. and Urban, A. L. and Usman, S. A. and Utina, A. C. and Vahlbruch, H. and Vajente, G. and Vajpeyi, A. and Valdes, G. and Valentini, M. and Valsan, V. and van Bakel, N. and van Beuzekom, M. and van den Brand, J. F. J. and Van Den Broeck, C. and Vander-Hyde, D. C. and van der Schaaf, L. and van Heijningen, J. V. and Vanosky, J. and Vardaro, M. and Vargas, A. F. and Varma, V. and Vasúth, M. and Vecchio, A. and Vedovato, G. and Veitch, J. and Veitch, P. J. and Venkateswara, K. and Venneberg, J. and Venugopalan, G. and Verkindt, D. and Verma, Y. and Veske, D. and Vetrano, F. and Viceré, A. and Viets, A. D. and Villa-Ortega, V. and Vinet, J. -Y. and Vitale, S. and Vo, T. and Vocca, H. and von Reis, E. R. G. and von Wrangel, J. and Vorvick, C. and Vyatchanin, S. P. and Wade, L. E. and Wade, M. and Wagner, K. J. and Walet, R. C. and Walker, M. and Wallace, G. S. and Wallace, L. and Walsh, S. and Wang, J. Z. and Wang, W. H. and Ward, R. L. and Warner, J. and Was, M. and Washington, N. Y. and Watchi, J. and Weaver, B. and Wei, L. and Weinert, M. and Weinstein, A. J. and Weiss, R. and Weller, C. M. and Wellmann, F. and Wen, L. and Weßels, P. and Westhouse, J. W. and Wette, K. and Whelan, J. T. and White, D. D. and Whiting, B. F. and Whittle, C. and Wilken, D. and Williams, D. and Williams, M. J. and Williamson, A. R. and Willis, J. L. and Willke, B. and Wilson, D. J. and Winkler, W. and Wipf, C. C. and Wlodarczyk, T. and Woan, G. and Woehler, J. and Wofford, J. K. and Wong, I. C. F. and Wright, M. and Wu, D. S. and Wysocki, D. M. and Xiao, L. and Yamamoto, H. and Yang, F. W. and Yang, L. and Yang, Y. and Yang, Z. and Yap, M. J. and Yeeles, D. W. and Yelikar, A. B. and Yeung, M. C. and Ying, M. and Yoon, A. and Yu, Hang and Yu, Haocun and Zadrożny, A. and Zanolin, M. and Zelenova, T. and Zendri, J. -P. and Zevin, M. and Zhang, J. and Zhang, L. and Zhang, R. and Zhang, T. and Zhao, C. and Zhao, G. and Zhao, Y. and Zhou, Z. and Zhu, X. J. and Zimmerman, A. B. and Zucker, M. E. and Zweizig, J. and {LIGO Scientific Collaboration} and {Virgo Collaboration}},
	month = dec,
	year = {2021},
	note = {ADS Bibcode: 2021ApJ...923...14A},
	keywords = {1643, 1797, 670, 672, 675, 676, 677, 678, 98, Astrophysics - High Energy Astrophysical Phenomena, General Relativity and Quantum Cosmology, published},
	pages = {14},
	file = {Full Text PDF:/Users/baierj/Zotero/storage/8YK3JJYG/Abbott et al. - 2021 - Search for Lensing Signatures in the Gravitational.pdf:application/pdf},
}
