@article{abbott2021search,
  title={Search for lensing signatures in the gravitational-wave observations from the first half of LIGO--Virgo’s third observing run},
  author={Abbott, Richard and Abbott, Thomas D and Abraham, S and Acernese, Fausto and Ackley, K and Adams, A and Adams, C and Adhikari, RX and Adya, VB and Affeldt, C and others},
  journal = {\apj},
  volume={923},
  number={1},
  keywords={ligo, collab, published},
  pages={14},
  year={2021},
  publisher={IOP Publishing}
}

@article{abbott2022model,
  title={Model-based Cross-correlation Search for Gravitational Waves from the Low-mass X-Ray Binary Scorpius X-1 in LIGO O3 Data},
  author={Abbott, R and Abbott, TD and Abraham, S and Acernese, F and Ackley, K and Adams, A and Adams, C and Adhikari, RX and Adya, VB and Affeldt, C and others},
  journal = {\apjl},
  keywords={ligo, collab, published},
  volume={941},
  number={2},
  pages={L30},
  year={2022}
}

@article{abbott2023search,
  title={Search for subsolar-mass black hole binaries in the second part of Advanced LIGO’s and Advanced Virgo’s third observing run},
  author={Abbott, R and Abe, H and Acernese, F and Ackley, K and Adhicary, S and Adhikari, N and Adhikari, RX and Adkins, VK and Adya, VB and Affeldt, C and others},
  journal={\mnras},
  pages={stad588},
  keywords={ligo,collab, published},
  year={2023},
  publisher={Oxford University Press},
  volume={}
}

